<!doctype html>
<html xmlns:hx="http://purl.org/NET/hinclude" class="no-js " lang="en">
    <head>
        <title>    Productos Sin Gluten  in ulabox.com
</title>
        <link href='https://static.ulabox.com' rel="preconnect" crossorigin>
            <meta name="viewport" content="width=device-width, initial-scale=1">
    <meta name="apple-itunes-app" content="app-id=465984761, app-argument=ulabox://home">
    <meta name="google-play-app" content="app-id=com.ulabox">
    <meta name="description" content="Productos Sin Gluten  in ulabox.com,| Shipping in 24h to the whole peninsula!"/>
                <meta name="robots" content="index,follow"/>
            <meta property="fb:app_id" content="154943331227759"/>
    <meta property="og:site_name" content="Ulabox"/>
            <meta property="og:title" content="    Productos Sin Gluten  in ulabox.com
"/>
        <meta property="og:type" content="website"/>
        <meta property="og:url" content="https://www.ulabox.com/en/campaign/productos-sin-gluten"/>
                    <meta property="og:image" content="https://static.ulabox.com/media/101287.png"/>
            <meta property="og:description" content="    Productos Sin Gluten  in ulabox.com,| Shipping in 24h to the whole peninsula! 
"/>
            <link rel="manifest" href="/manifest.json">

        <link rel="author" type="text/plain" href="/humans.txt"/>
        <link rel="shortcut icon" sizes="196x196" href="/img/chrome-android-icon-196-2.png">
        <link rel="icon" type="image/vnd.microsoft.icon" href="/favicon-2.ico"/>
        <link rel="shortcut icon" type="image/x-icon" href="/favicon-2.ico"/>
        <link href="/opensearch.xml" rel="search" title="Ulabox" type="application/opensearchdescription+xml">
        <meta http-equiv="x-pjax-version" content="d03a49"/>
        <meta name="mobile-web-app-capable" content="yes">
                                    <link rel="canonical" href="https://www.ulabox.com/en/campaign/productos-sin-gluten"/>
                                                    <link rel="next" href="https://www.ulabox.com/en/campaign/productos-sin-gluten?p=2"/>
                <link rel="stylesheet" media="all" href="/css/style.4490b91f.css" />

                          <script src="//d2wy8f7a9ursnm.cloudfront.net/v5/bugsnag.min.js"></script>
          <script>window.bugsnagClient = bugsnag('2e9aabd52c588bbc7cc4a327be3c92ca')</script>
                    <script>
        window.Modernizr=function(a,b,c){function B(a){j.cssText=a}function C(a,b){return B(m.join(a+";")+(b||""))}function D(a,b){return typeof a===b}function E(a,b){return!!~(""+a).indexOf(b)}function F(a,b){for(var d in a){var e=a[d];if(!E(e,"-")&&j[e]!==c)return b=="pfx"?e:!0}return!1}function G(a,b,d){for(var e in a){var f=b[a[e]];if(f!==c)return d===!1?a[e]:D(f,"function")?f.bind(d||b):f}return!1}function H(a,b,c){var d=a.charAt(0).toUpperCase()+a.slice(1),e=(a+" "+o.join(d+" ")+d).split(" ");return D(b,"string")||D(b,"undefined")?F(e,b):(e=(a+" "+p.join(d+" ")+d).split(" "),G(e,b,c))}var d="2.8.3",e={},f=!0,g=b.documentElement,h="modernizr",i=b.createElement(h),j=i.style,k,l={}.toString,m=" -webkit- -moz- -o- -ms- ".split(" "),n="Webkit Moz O ms",o=n.split(" "),p=n.toLowerCase().split(" "),q={svg:"http://www.w3.org/2000/svg"},r={},s={},t={},u=[],v=u.slice,w,x=function(a,c,d,e){var f,i,j,k,l=b.createElement("div"),m=b.body,n=m||b.createElement("body");if(parseInt(d,10))while(d--)j=b.createElement("div"),j.id=e?e[d]:h+(d+1),l.appendChild(j);return f=["&#173;",'<style id="s',h,'">',a,"</style>"].join(""),l.id=h,(m?l:n).innerHTML+=f,n.appendChild(l),m||(n.style.background="",n.style.overflow="hidden",k=g.style.overflow,g.style.overflow="hidden",g.appendChild(n)),i=c(l,a),m?l.parentNode.removeChild(l):(n.parentNode.removeChild(n),g.style.overflow=k),!!i},y=function(b){var c=a.matchMedia||a.msMatchMedia;if(c)return c(b)&&c(b).matches||!1;var d;return x("@media "+b+" { #"+h+" { position: absolute; } }",function(b){d=(a.getComputedStyle?getComputedStyle(b,null):b.currentStyle)["position"]=="absolute"}),d},z={}.hasOwnProperty,A;!D(z,"undefined")&&!D(z.call,"undefined")?A=function(a,b){return z.call(a,b)}:A=function(a,b){return b in a&&D(a.constructor.prototype[b],"undefined")},Function.prototype.bind||(Function.prototype.bind=function(b){var c=this;if(typeof c!="function")throw new TypeError;var d=v.call(arguments,1),e=function(){if(this instanceof e){var a=function(){};a.prototype=c.prototype;var f=new a,g=c.apply(f,d.concat(v.call(arguments)));return Object(g)===g?g:f}return c.apply(b,d.concat(v.call(arguments)))};return e}),r.flexbox=function(){return H("flexWrap")},r.flexboxlegacy=function(){return H("boxDirection")},r.touch=function(){var c;return"ontouchstart"in a||a.DocumentTouch&&b instanceof DocumentTouch?c=!0:x(["@media (",m.join("touch-enabled),("),h,")","{#modernizr{top:9px;position:absolute}}"].join(""),function(a){c=a.offsetTop===9}),c},r.history=function(){return!!a.history&&!!history.pushState},r.csstransforms=function(){return!!H("transform")},r.csstransforms3d=function(){var a=!!H("perspective");return a&&"webkitPerspective"in g.style&&x("@media (transform-3d),(-webkit-transform-3d){#modernizr{left:9px;position:absolute;height:3px;}}",function(b,c){a=b.offsetLeft===9&&b.offsetHeight===3}),a},r.csstransitions=function(){return H("transition")},r.svg=function(){return!!b.createElementNS&&!!b.createElementNS(q.svg,"svg").createSVGRect},r.inlinesvg=function(){var a=b.createElement("div");return a.innerHTML="<svg/>",(a.firstChild&&a.firstChild.namespaceURI)==q.svg};for(var I in r)A(r,I)&&(w=I.toLowerCase(),e[w]=r[I](),u.push((e[w]?"":"no-")+w));return e.addTest=function(a,b){if(typeof a=="object")for(var d in a)A(a,d)&&e.addTest(d,a[d]);else{a=a.toLowerCase();if(e[a]!==c)return e;b=typeof b=="function"?b():b,typeof f!="undefined"&&f&&(g.className+=" "+(b?"":"no-")+a),e[a]=b}return e},B(""),i=k=null,e._version=d,e._prefixes=m,e._domPrefixes=p,e._cssomPrefixes=o,e.mq=y,e.testProp=function(a){return F([a])},e.testAllProps=H,e.testStyles=x,g.className=g.className.replace(/(^|\s)no-js(\s|$)/,"$1$2")+(f?" js "+u.join(" "):""),e}(this,this.document),Modernizr.addTest("overflowscrolling",function(){return Modernizr.testAllProps("overflowScrolling")});
    
    var require={"waitSeconds":100,"paths":{"address":"address.b93d8350","auth":"auth.b0e3eb42","banners":"banners.f0b503af","cart":"cart.7d5d743a","cocacola":"cocacola.a892f8c3","common":"common.998bf850","customers":"customers.d93b7d7a","delivery":"delivery.79ae85a7","generic":"generic.692a1fa3","list":"list.9ae5d396","markets":"markets.e0cbf116","modules\/analytics":"modules\/analytics.38bc81df","modules\/banners":"modules\/banners.86df6cb6","modules\/cart_mini":"modules\/cart_mini.a3578d2b","modules\/customer_lists":"modules\/customer_lists.fe0809bc","modules\/modals":"modules\/modals.471385e6","payment":"payment.8a00cb2c","product":"product.c5b5fc85","test-main":"test-main.a2abb883","ulaboxplus":"ulaboxplus.7f739301","utils\/jquery_document":"utils\/jquery_document.0c5373ca","jquery":["libs\/jquery-3.0.0.min"]},"deps":["common"],"config":{"common":{"printCssUrl":"\/css\/print.8346c72d.css"},"modules\/cart":{"multipleAddUrl":"\/en\/cart\/products\/more"},"modules\/customer":{"freeShippingCustomerInfoUrl":"\/en\/mi-cuenta\/perfil\/entrega-gratis"}}},deferredQueue=[];

    </script>
        <script>
        (function(w,l){w[l]=w[l]||{};w[l].version="1.1.1";w[l].env="prod";w[l].ga={"account":"UA-21037369-1","domain_name":".ulabox.com","source":null,"medium":null,"campaign":null,"aff_id":null};w[l].page={"category":"front_campaign_show","subcategory":"n.a.","environment":"prod","locale":"en","root_menu":null};w[l].user={"user_id":null,"status":"No registrado","email":null,"md5_email":null,"sha256_email":null,"token":null,"orders_count":0,"first_order_date":null,"new":true,"visits":1,"pageviews":1,"ip":"::ffff:150.214.9.253","orientation":"Landscape","created_at":"","registered":0,"promotion":null,"is_free_shipping_customer":null,"subscribed_to_newsletter":null,"email_verified":null,"device_info":{"is_tablet":false,"is_mobile":false,"is_desktop":true,"is_ios":false,"is_android":false},"origin":"direct","landing":"other","features":[]};w[l].session={"id":"0db3bd5b1d088a5015c464018a219c8e","custom_view":null,"postalcode":"41070","logistics":{"refrigerated":false,"zone":"All","zone_soft_detection":true},"promos":{"zone":"Rest"},"list_view":"grid","bi_session":null};w[l].cookie={"name":"x-sess","value":""};w[l].experiment={"id":null,"var":null};w[l].bk={"account":"BK-328020953490-3","user_hash":null};w[l].feature_toggles={"subscriptions_profile_management":true,"ulabox_plus":false};w[l].product=[];w[l].cart=[];w[l].order=[];w[l].category=[];w[l].list=[];w[l].user.orientation=w.innerHeight&&w.innerHeight>w.innerWidth?'Portrait':'Landscape';}(window,'universal_variable'));
        universal_variable.list=[39181,43755,43754];
        (function(w,l){w[l]=w[l]||[];w[l].push({'event':'ga.pageview','ga.page':'\x2Fen\x2Fcampaign\x2Fproductos\x2Dsin\x2Dgluten\x3Fv\x3Dg'});}(window,'dataLayer'));
    </script>


            <script data-main="/js/list" src="/js/libs/require-2.1.22.min.js" async defer></script>

    </head>
    <body >
        <div class="loading js-loading"></div>
        <div class="flash-message-bar is-hidden  | js-flash-promo-top | js-flash-message-bar">
  <div class="flex__wrapper">
    <div class="row">
      <div class="flash-message-action"></div>
      <div class="flash-message-content | js-flash-message-content"></div>
      <div class="flash-message-action">
        <i class="flash-message-close md-icon | icon--md-cancel | js-flash-message-close"></i>
      </div>
    </div>
  </div>
</div>
        
<script id="basicPromoTemplate" type="text/x-jquery-tmpl">
  <div>
  
    {{html text}}
    {{if cta}}
      <a href="${cta.url}" id="js-flash-promo-cta">${cta.claim}</a>
    {{/if}}
  
  </div>
</script>

<script id="callBackTemplate" type="text/x-jquery-tmpl">
  <div>
    ${text}
    <a href="#" id="js-flash-promo-cta" onclick="${cta.callBack}">${cta.claim}</a>
  </div>
</script>
        <nav class="nav-bar">
                
        
    <div class="bg-pink" style="padding: 8px 0;">
    <div class="flex__wrap">
        <div class="row middle-xs">
          <div class="logo-search-bar col-xs-5 middle-xs col-sm-3 col-md">
            <a class="js-burger | d-hide" href="#" title="Ulabox, the online supermarket">
                <i class="md-icon icon-md_burger" style="margin: 4px 8px 0 0;"></i>
            </a>

            <a href="/en/"><div class="header__logo"></div></a>
            <form class="suggested-search | js-search-form js-pjax | m-hide t-hide large-mobile-hide desktop" method="get" action="/en/search" id="desktopSearch">
  <label class="suggested-search__label | form--inline | search-label" for="main-search">
    <i class="md-icon | icon--md_search-black"></i>
  </label>
  <input class="suggested-search__input | js-search-query ac_input" type="text"
    name="q"
    value=""
    placeholder="Search"
    autocomplete="off"
    autocorrect="off"
    id="main-search"
  >
  <button class="suggested-search__button | btn btn--small | m-hide t-hide large-mobile-hide desktop | t-hide | m-hide | large-mobile-hide">Search</button>
  <button class="suggested-search__button suggested-search__button--close | btn btn--small | d-hide dw-hide is-hidden | js-search-close">Close</button>
</form>

<div class="suggested-search-results | container-white | js-suggested-search is-hidden"></div>
<hx:include src="https://www.ulabox.com/en/templates/autocomplete/4"></hx:include>
          </div>
          <div class="header-bar col-xs col-sm col-md">
            <div class="header-items row end-xs middle-xs">
              

  <div class="nav-item m-hide | large-mobile-hide">
    <a class="js-pjax | js-track-ui"
        href="/en/promos?ula_src=front_campaign_show&amp;ula_mdm=header_bar"
        data-tracking-action="promos_click"
        data-tracking-label="promos_desktop_header"
        title="Buy products in promotion">
      <i class="md-icon | icon--md_local_offer-white"></i><span class="nav-item-label">Offers</span>
    </a>
  </div>
  <div class="nav-item | d-hide t-hide dw-hide | js-search-toggle | is-hidden">
    <a class="js-pjax | js-track-ui" title="Search">
      <i class="md-icon | icon--md_search-white icon--muted"></i>
    </a>
  </div>
  <div class="nav-item">
    



<div class="dropdown | js-dropdown">
    <a class="dropdown__toggle | js-dropdown-toggle" href="/en/enter" title="Register or Access your account">
                    <i class="md-icon | icon--md_account_circle-white"></i><span class="nav-item-label m-hide | large-mobile-hide">Access</span>
            </a>
    <div class="dropdown__menu | container-lifted | dropdown__menu--small | dropdown__menu--right | js-dropdown-menu">
        <div class="milli | flush--bottom">

            
            <div class="js-dropdown-ajax-content">
                <div class="islet">
                                <ul class="unlist">
                                                                    
                                            


<li>
            <a class="nauru | one-whole | selectable-item js-pjax" href="/en/enter#login" title="Access your account">
            Access your account
        </a>
    </li>

                                            


<li>
            <a class="nauru | one-whole | selectable-item js-pjax" href="/en/enter#register" title="Register">
            Register
        </a>
    </li>

                                    </ul>
                        </div>

                            </div>
        </div>
    </div>
</div>

  </div>
              <hx:include src="https://www.ulabox.com/en/cart/mini"></hx:include>
            </div>
          </div>
        </div>
    </div>
  </div>
  <div class="header__sidepanel | js-sidepanel">
  <nav class="sidepanel__nav js-sidepanel-nav" role="navigation">
      <ul class="sidepanel__list">
                <li class="sidepanel__item js-categories-menu-item" id="home_menu">
            <i class="md-icon icon--md-home"></i>
            <a class="sidepanel__item--link | js-pjax push--sides" href="/en/" title="Start">
                <span>Start</span>
            </a>
            <div class="sidepanel__close js-burger">
                <i class="md-icon icon--md_close-black"></i>
            </div>
        </li>

                <li class="sidepanel__item js-categories-menu-item" id="c1581_menu"><i class="md-icon icon--md_cat_1581"></i><a class="sidepanel__item--link js-pjax js-track-ui push--sides"
                    href="/en/category/fresh/1581"
                    title="Buy Fresh"
                    data-tracking-action="main-nav-category"
                    data-tracking-label="Fresh"
                    ><span>Fresh</span></a></li><li class="sidepanel__item js-categories-menu-item" id="c2485_menu"><i class="md-icon icon--md_cat_2485"></i><a class="sidepanel__item--link js-pjax js-track-ui push--sides"
                    href="/en/category/chilled-frozen/2485"
                    title="Buy Chilled &amp; Frozen"
                    data-tracking-action="main-nav-category"
                    data-tracking-label="Chilled &amp; Frozen"
                    ><span>Chilled &amp; Frozen</span></a></li><li class="sidepanel__item js-categories-menu-item" id="c895_menu"><i class="md-icon icon--md_cat_895"></i><a class="sidepanel__item--link js-pjax js-track-ui push--sides"
                    href="/en/category/food-cupboard/895"
                    title="Buy Food Cupboard"
                    data-tracking-action="main-nav-category"
                    data-tracking-label="Food Cupboard"
                    ><span>Food Cupboard</span></a></li><li class="sidepanel__item js-categories-menu-item" id="c753_menu"><i class="md-icon icon--md_cat_753"></i><a class="sidepanel__item--link js-pjax js-track-ui push--sides"
                    href="/en/category/drinks/753"
                    title="Buy Drinks"
                    data-tracking-action="main-nav-category"
                    data-tracking-label="Drinks"
                    ><span>Drinks</span></a></li><li class="sidepanel__item js-categories-menu-item" id="c404_menu"><i class="md-icon icon--md_cat_404"></i><a class="sidepanel__item--link js-pjax js-track-ui push--sides"
                    href="/en/category/household/404"
                    title="Buy Household"
                    data-tracking-action="main-nav-category"
                    data-tracking-label="Household"
                    ><span>Household</span></a></li><li class="sidepanel__item js-categories-menu-item" id="c472_menu"><i class="md-icon icon--md_cat_472"></i><a class="sidepanel__item--link js-pjax js-track-ui push--sides"
                    href="/en/category/toiletries-beauty/472"
                    title="Buy Toiletries &amp; Beauty"
                    data-tracking-action="main-nav-category"
                    data-tracking-label="Toiletries &amp; Beauty"
                    ><span>Toiletries &amp; Beauty</span></a></li><li class="sidepanel__item js-categories-menu-item" id="c712_menu"><i class="md-icon icon--md_cat_712"></i><a class="sidepanel__item--link js-pjax js-track-ui push--sides"
                    href="/en/category/baby/712"
                    title="Buy Baby"
                    data-tracking-action="main-nav-category"
                    data-tracking-label="Baby"
                    ><span>Baby</span></a></li><li class="sidepanel__item js-categories-menu-item" id="c647_menu"><i class="md-icon icon--md_cat_647"></i><a class="sidepanel__item--link js-pjax js-track-ui push--sides"
                    href="/en/category/drugstore/647"
                    title="Buy Drugstore"
                    data-tracking-action="main-nav-category"
                    data-tracking-label="Drugstore"
                    ><span>Drugstore</span></a></li><li class="sidepanel__item js-categories-menu-item" id="c695_menu"><i class="md-icon icon--md_cat_695"></i><a class="sidepanel__item--link js-pjax js-track-ui push--sides"
                    href="/en/category/pets/695"
                    title="Buy Pets"
                    data-tracking-action="main-nav-category"
                    data-tracking-label="Pets"
                    ><span>Pets</span></a></li>
                
                <li class="sidepanel__item js-categories-menu-item" id="promos_menu">
            <i class="md-icon icon--md-promos"></i>
            <a class="sidepanel__item--link | js-pjax push--sides" href="/en/promos" title="Buy products in promotion">
                <span>Promos</span>
            </a>
        </li>

                <li class=sidepanel__item--title>Customer service</li>

        
                    <li class="sidepanel__item | js-categories-menu-item">
                <i class="md-icon icon--md-email"></i>
                <a class="sidepanel__item--link | js-pjax push--sides"
                    href="mailto:help@ulabox.com"
                    title="help@ulabox.com">
                    <span class="">help@ulabox.com</span>
                </a>
            </li>
                    <li class="sidepanel__item | js-categories-menu-item">
                <i class="md-icon icon--md-phone"></i>
                <a class="sidepanel__item--link | js-pjax push--sides"
                    href="tel:900%20373%20219"
                    title="900 373 219">
                    <span class="">900 373 219</span>
                </a>
            </li>
                    <li class="sidepanel__item | js-categories-menu-item">
                <i class="md-icon icon--md-faq"></i>
                <a class="sidepanel__item--link | js-pjax push--sides"
                    href="/en/faq"
                    title="Frequently asked questions">
                    <span class="">Frequently asked questions</span>
                </a>
            </li>
        
                
        <li class=sidepanel__item--title>Social Networks</li>
                   <li class="sidepanel__item | js-categories-menu-item">
               <i class="md-icon icon--md-twitter"></i>
               <a class="sidepanel__item--link | js-pjax push--sides"
                   href="http://twitter.com/ulabox"
                   title="icon--md-twitter">Twitter
               </a>
           </li>
                   <li class="sidepanel__item | js-categories-menu-item">
               <i class="md-icon icon--md-facebook"></i>
               <a class="sidepanel__item--link | js-pjax push--sides"
                   href="https://www.facebook.com/ulabox"
                   title="icon--md-facebook">Facebook
               </a>
           </li>
                   <li class="sidepanel__item | js-categories-menu-item">
               <i class="md-icon icon--md-instagram"></i>
               <a class="sidepanel__item--link | js-pjax push--sides"
                   href="https://instagram.com/ulabox"
                   title="icon--md-instagram">Instagram
               </a>
           </li>
                   <li class="sidepanel__item | js-categories-menu-item">
               <i class="md-icon icon--md-rss"></i>
               <a class="sidepanel__item--link | js-pjax push--sides"
                   href="/blog/"
                   title="icon--md-rss">Blog
               </a>
           </li>
        
                <li class=sidepanel__item--title>About ulabox</li>

        
                   <li class="sidepanel__item | js-categories-menu-item">
               <a class="sidepanel__item--link | js-pjax"
                   href="/en/contact"
                   title="Contact">
                   <span class="">Contact</span>
               </a>
           </li>
                   <li class="sidepanel__item | js-categories-menu-item">
               <a class="sidepanel__item--link | js-pjax"
                   href="/prensa/"
                   title="Press room">
                   <span class="">Press room</span>
               </a>
           </li>
        


      </ul>
  </nav>
</div>
<aside class="drag-target | js-drag-target"></aside>


  <div class="bg-light-grey | t-hide m-hide large-mobile-hide">
    <div class="flex__wrap">
        <div class="row">
            <div class="col-xs-12">
              <!-- tablet and up -->
<hx:include src="https://www.ulabox.com/en/categories" data-route="front_category_tree">
<div class="categories | t-border--sides">
    <nav class="categories-nav" role="navigation">
        <ul class="list-dropdown">

            
            
            
            <li class="list-dropdown__item list-dropdown-item js-categories-menu-item dw-border--left d-border--left t-hide d-hide dw-hide" id="promos_menu">
                <a class="list-dropdown-item__link list-dropdown-item-link | brand-color js-pjax" href="/en/promos" title="Buy products in promotion">
                    <span class="list-dropdown-link__text">Promos</span>
                </a>
            </li>

            
            <li class="list-dropdown__item list-dropdown-item | js-categories-menu-item" id="c1581_menu"><a class="list-dropdown-item__link list-dropdown-item-link | js-pjax js-track-ui js-updatable-track"
                        href="/en/category/fresh/1581?ula_src=front_campaign_show&amp;ula_mdm=header_bar_category&amp;ula_cmp=main_category"
                        title="Buy Fresh"
                        data-tracking-action="main-nav-category"
                        data-tracking-label="Fresh"
                        ><span class="list-dropdown-link__text">Fresh</span></a></li><li class="list-dropdown__item list-dropdown-item | js-categories-menu-item" id="c2485_menu"><a class="list-dropdown-item__link list-dropdown-item-link | js-pjax js-track-ui js-updatable-track"
                        href="/en/category/chilled-frozen/2485?ula_src=front_campaign_show&amp;ula_mdm=header_bar_category&amp;ula_cmp=main_category"
                        title="Buy Chilled &amp; Frozen"
                        data-tracking-action="main-nav-category"
                        data-tracking-label="Chilled &amp; Frozen"
                        ><span class="list-dropdown-link__text">Chilled &amp; Frozen</span></a></li><li class="list-dropdown__item list-dropdown-item | js-categories-menu-item" id="c895_menu"><a class="list-dropdown-item__link list-dropdown-item-link | js-pjax js-track-ui js-updatable-track"
                        href="/en/category/food-cupboard/895?ula_src=front_campaign_show&amp;ula_mdm=header_bar_category&amp;ula_cmp=main_category"
                        title="Buy Food Cupboard"
                        data-tracking-action="main-nav-category"
                        data-tracking-label="Food Cupboard"
                        ><span class="list-dropdown-link__text">Food Cupboard</span></a></li><li class="list-dropdown__item list-dropdown-item | js-categories-menu-item" id="c753_menu"><a class="list-dropdown-item__link list-dropdown-item-link | js-pjax js-track-ui js-updatable-track"
                        href="/en/category/drinks/753?ula_src=front_campaign_show&amp;ula_mdm=header_bar_category&amp;ula_cmp=main_category"
                        title="Buy Drinks"
                        data-tracking-action="main-nav-category"
                        data-tracking-label="Drinks"
                        ><span class="list-dropdown-link__text">Drinks</span></a></li><li class="list-dropdown__item list-dropdown-item | js-categories-menu-item" id="c404_menu"><a class="list-dropdown-item__link list-dropdown-item-link | js-pjax js-track-ui js-updatable-track"
                        href="/en/category/household/404?ula_src=front_campaign_show&amp;ula_mdm=header_bar_category&amp;ula_cmp=main_category"
                        title="Buy Household"
                        data-tracking-action="main-nav-category"
                        data-tracking-label="Household"
                        ><span class="list-dropdown-link__text">Household</span></a></li><li class="list-dropdown__item list-dropdown-item | js-categories-menu-item" id="c472_menu"><a class="list-dropdown-item__link list-dropdown-item-link | js-pjax js-track-ui js-updatable-track"
                        href="/en/category/toiletries-beauty/472?ula_src=front_campaign_show&amp;ula_mdm=header_bar_category&amp;ula_cmp=main_category"
                        title="Buy Toiletries &amp; Beauty"
                        data-tracking-action="main-nav-category"
                        data-tracking-label="Toiletries &amp; Beauty"
                        ><span class="list-dropdown-link__text">Toiletries &amp; Beauty</span></a></li><li class="list-dropdown__item list-dropdown-item | js-categories-menu-item" id="c712_menu"><a class="list-dropdown-item__link list-dropdown-item-link | js-pjax js-track-ui js-updatable-track"
                        href="/en/category/baby/712?ula_src=front_campaign_show&amp;ula_mdm=header_bar_category&amp;ula_cmp=main_category"
                        title="Buy Baby"
                        data-tracking-action="main-nav-category"
                        data-tracking-label="Baby"
                        ><span class="list-dropdown-link__text">Baby</span></a></li><li class="list-dropdown__item list-dropdown-item | js-categories-menu-item" id="c647_menu"><a class="list-dropdown-item__link list-dropdown-item-link | js-pjax js-track-ui js-updatable-track"
                        href="/en/category/drugstore/647?ula_src=front_campaign_show&amp;ula_mdm=header_bar_category&amp;ula_cmp=main_category"
                        title="Buy Drugstore"
                        data-tracking-action="main-nav-category"
                        data-tracking-label="Drugstore"
                        ><span class="list-dropdown-link__text">Drugstore</span></a></li><li class="list-dropdown__item list-dropdown-item | js-categories-menu-item" id="c695_menu"><a class="list-dropdown-item__link list-dropdown-item-link | js-pjax js-track-ui js-updatable-track"
                        href="/en/category/pets/695?ula_src=front_campaign_show&amp;ula_mdm=header_bar_category&amp;ula_cmp=main_category"
                        title="Buy Pets"
                        data-tracking-action="main-nav-category"
                        data-tracking-label="Pets"
                        ><span class="list-dropdown-link__text">Pets</span></a></li>
        </ul>
    </nav>


    
    <div class="category-nav-overflow | text--right | micro | d-hide dw-hide">
        <span class="category-nav-overflow__icon">
            <i class="icon icon--double-chevron-right icon--15x | weak-text-color"></i>
        </span>
    </div>

</div>
</hx:include>
            </div>
        </div>
    </div>
  </div>
  <div class="bg-grape | d-hide | js-header-search" style="padding: 12px 8px;">
      <form class="suggested-search | js-search-form js-pjax | d-hide full-width mobile" method="get" action="/en/search" id="mobileSearch">
  <label class="suggested-search__label | form--inline | search-label" for="main-search">
    <i class="md-icon | icon--md_search-black"></i>
  </label>
  <input class="suggested-search__input | js-search-query ac_input" type="text"
    name="q"
    value=""
    placeholder="Search"
    autocomplete="off"
    autocorrect="off"
    id="main-search"
  >
  <button class="suggested-search__button | btn btn--small | d-hide full-width mobile | t-hide | m-hide | large-mobile-hide">Search</button>
  <button class="suggested-search__button suggested-search__button--close | btn btn--small | d-hide dw-hide is-hidden | js-search-close">Close</button>
</form>

<div class="suggested-search-results | container-white | js-suggested-search is-hidden"></div>
<hx:include src="https://www.ulabox.com/en/templates/autocomplete/4"></hx:include>
  </div>
  
        </nav>

        <div class="flash-message-bar is-hidden promo-middle | js-flash-promo-middle | js-flash-message-bar">
  <div class="flex__wrapper">
    <div class="row">
      <div class="flash-message-action"></div>
      <div class="flash-message-content | js-flash-message-content"></div>
      <div class="flash-message-action">
        <i class="flash-message-close md-icon | icon--md-cancel | js-flash-message-close"></i>
      </div>
    </div>
  </div>
</div>

        
        <div class="pjax-container js-pjax-container" id="pjax-container">
                            
  <div class="flex__wrap">
    <div class="col-xs-10 col-xs-offset-1">
      <div class="row around-xs">
                          <div class="col-md-4 col-xs-12 value-proposition-container js-open-modal" data-modal-url="/en/modal/slots-info">
                    <div class="row">
              <div class="col-xs-3">
                <img src="/img/truck.svg" alt="Truck" class="value-proposition-icon"/>
              </div>
              <div class="col-xs-9 value-description">
                                <div>
                  <div class="value-title">FREE shipping</div>
                  <div style="value-claim">for orders of 79€ and above. And from only 2,99€ below that
</div>
                </div>
                              </div>
            </div>
          </div>
                          <div class="col-md-4 col-xs-12 value-proposition-container js-open-modal" data-modal-url="/en/modal/slots-info">
                    <div class="row">
              <div class="col-xs-3">
                <img src="/img/icon-clock.svg" alt="Clock" class="value-proposition-icon"/>
              </div>
              <div class="col-xs-9 value-description">
                                <div>
                  <div class="value-title">We deliver from &nbsp; 7 &nbsp; to &nbsp; 23 &nbsp; h.</div>
                  <div style="value-claim">from our supermarket to your house in &nbsp; 24h.</div>
                </div>
                              </div>
            </div>
          </div>
                          <div class="col-md-4 col-xs-12 value-proposition-container">
                    <div class="row">
              <div class="col-xs-3">
                <img src="/img/icon-offer.svg" alt="Offers" class="value-proposition-icon"/>
              </div>
              <div class="col-xs-9 value-description">
                                  <a href="/en/promos" class="unlink">
                                <div>
                  <div class="value-title">+2,000 Offers</div>
                  <div style="value-claim">visit our promos</div>
                </div>
                                  </a>
                              </div>
            </div>
          </div>
              </div>
    </div>
  </div>
        <div class="flex__wrap | container-white | clear-fix dw-margin-trailer-2 d-margin-trailer-2 t-margin-trailer-2 ">
                    <div class="breadcrumb | m-hide | large-mobile-hide | border--bottom"><ol class="nav micro flush--bottom" itemscope itemtype="http://schema.org/BreadcrumbList"><li><a class="nauru js-pjax" href="/en/" title="Start"><i class="icon icon--home"><span class="is-hidden">Ulabox</span></i></a></li><li class="no-wrap-please" itemprop="itemListElement" itemscope itemtype="http://schema.org/ListItem"><i class="icon icon--caret-right breadcrumb-icon icon--muted"></i><span itemprop="item"><span itemprop="name">Productos Sin Gluten</span></span></li></ol></div>
    
                

                                    <div class="hero-banner-container">
    <div class="large-hero-banner-container row">
                        <a href="/campaign/productos-sin-gluten?ula_src=front_campaign_show&amp;ula_mdm=banner_campaign_main&amp;ula_cmp=11179"
               class="js-hero-banner-url js-pjax" data-id="11179"
               data-name="¡más 900 productos!"
               data-position="0" data-current="true">
                <picture class="banner">
            <source srcset="https://static.ulabox.com/media/113233_banner-hero-4x3-mobile.jpg" media="(max-width: 767px)">
            <source srcset="https://static.ulabox.com/media/113241_banner-hero-18x6-tablet.jpg" media="(max-width: 1024px)">
            <img src="https://static.ulabox.com/media/113241_banner-hero-18x6-desktop.jpg"
            alt="¡más 900 productos!"
            class="hero-banner-image js-banner">
            <div class="banner__legal">
              <div class="row">
                <div class="col-xs">
                  <span class="text--left"></span>
                </div>
                <div class="col-xs end-xs">
                  <span class="text--right"></span>
                </div>
              </div>
            </div>
        </picture>
        </a>        </div>

            <!-- more than 1 -->
    <div class="carrousel-container | full-width | full-width-white-band">
        <div class="push--bottom carrousel-container--adjust-margin">
            <div class="carrousel"
                 data-name="banners_header"
                 data-slidemove="4"
                 data-item="4"
                 data-keep-active-position="true"
                >
                                    <div class="col-md-3 col-sm-3 col-xs-3 no-shrink no-grow">
                                                                                                        <a href="/categoria/vinos-y-espumosos/1123?ula_src=front_campaign_show&amp;ula_mdm=banner_campaign_thumbnail&amp;ula_cmp=8189" class="js-pjax">
                                                        <picture>
                                    <source srcset="https://static.ulabox.com/media/101285_banner-thumb-4x3-mobile.jpg" media="(max-width: 767px)">
                                    <source srcset="https://static.ulabox.com/media/101287_banner-hero-18x6-mobile.jpg" media="(max-width: 1024px)">
                                    <img src="https://static.ulabox.com/media/101287_banner-thumb-18x6-mobile.jpg"
                                                                                    class="inactive-banner"
                                                                            >
                                </picture>
                                                    </a>
                                            </div>
                                    <div class="col-md-3 col-sm-3 col-xs-3 no-shrink no-grow">
                                                                                                        <a href="/campaign/productos-ecologicos?ula_src=front_campaign_show&amp;ula_mdm=banner_campaign_thumbnail&amp;ula_cmp=11180" class="js-pjax">
                                                        <picture>
                                    <source srcset="https://static.ulabox.com/media/113257_banner-thumb-4x3-mobile.jpg" media="(max-width: 767px)">
                                    <source srcset="https://static.ulabox.com/media/113261_banner-hero-18x6-mobile.jpg" media="(max-width: 1024px)">
                                    <img src="https://static.ulabox.com/media/113263_banner-thumb-18x6-mobile.jpg"
                                                                                    class="inactive-banner"
                                                                            >
                                </picture>
                                                    </a>
                                            </div>
                                    <div class="col-md-3 col-sm-3 col-xs-3 no-shrink no-grow">
                                                                                                        <a href="/campaign/productos-sin-gluten?ula_src=front_campaign_show&amp;ula_mdm=banner_campaign_thumbnail&amp;ula_cmp=11179" class="js-pjax">
                                                        <picture>
                                    <source srcset="https://static.ulabox.com/media/113238_banner-thumb-4x3-mobile.jpg" media="(max-width: 767px)">
                                    <source srcset="https://static.ulabox.com/media/113241_banner-hero-18x6-mobile.jpg" media="(max-width: 1024px)">
                                    <img src="https://static.ulabox.com/media/113244_banner-thumb-18x6-mobile.jpg"
                                                                            >
                                </picture>
                                                    </a>
                                            </div>
                                    <div class="col-md-3 col-sm-3 col-xs-3 no-shrink no-grow">
                                                                                                        <a href="/filtro/formato-ahorro?ula_src=front_campaign_show&amp;ula_mdm=banner_campaign_thumbnail&amp;ula_cmp=11941" class="js-pjax">
                                                        <picture>
                                    <source srcset="https://static.ulabox.com/media/117683_banner-thumb-4x3-mobile.jpg" media="(max-width: 767px)">
                                    <source srcset="https://static.ulabox.com/media/117677_banner-hero-18x6-mobile.jpg" media="(max-width: 1024px)">
                                    <img src="https://static.ulabox.com/media/117679_banner-thumb-18x6-mobile.jpg"
                                                                                    class="inactive-banner"
                                                                            >
                                </picture>
                                                    </a>
                                            </div>
                                    <div class="col-md-3 col-sm-3 col-xs-3 no-shrink no-grow">
                                                                                                        <a href="/campaign/ofertas-tienda-online-para-bebes-panales-toallitas-alimentacion-infantil-eco-comprar-al-mejor-precio/marca=dodot-activity?ula_src=front_campaign_show&amp;ula_mdm=banner_campaign_thumbnail&amp;ula_cmp=11239" class="js-pjax">
                                                        <picture>
                                    <source srcset="https://static.ulabox.com/media/124244_banner-thumb-4x3-mobile.jpg" media="(max-width: 767px)">
                                    <source srcset="https://static.ulabox.com/media/124238_banner-hero-18x6-mobile.jpg" media="(max-width: 1024px)">
                                    <img src="https://static.ulabox.com/media/124240_banner-thumb-18x6-mobile.jpg"
                                                                                    class="inactive-banner"
                                                                            >
                                </picture>
                                                    </a>
                                            </div>
                                    <div class="col-md-3 col-sm-3 col-xs-3 no-shrink no-grow">
                                                                                                        <a href="/campaign/ofertas-realizar-compra-supermercado-online-para-oficinas-empresas-completa-barata?ula_src=front_campaign_show&amp;ula_mdm=banner_campaign_thumbnail&amp;ula_cmp=11182" class="js-pjax">
                                                        <picture>
                                    <source srcset="https://static.ulabox.com/media/112808_banner-thumb-4x3-mobile.jpg" media="(max-width: 767px)">
                                    <source srcset="https://static.ulabox.com/media/112807_banner-hero-18x6-mobile.jpg" media="(max-width: 1024px)">
                                    <img src="https://static.ulabox.com/media/112807_banner-thumb-18x6-mobile.jpg"
                                                                                    class="inactive-banner"
                                                                            >
                                </picture>
                                                    </a>
                                            </div>
                            </div>
        </div>
    </div>
    </div>

        <div class="grid"><div class="grid__item one-whole t-hide d-one-quarter dw-one-fifth js-facets-grid"><div class="facets-toggle | t-hide d-hide dw-hide | islet | border--bottom | js-toggle-facets-mobile"><a href="#" class="btn btn--expand btn--shop">Sort and Filter</a></div><nav class="milli | flush--bottom | m-border--bottom | m-is-expandable--facets | js-facets"><div class="m-islet"><div class="m-border--sides"><div class="d-hide dw-hide"><strong class="section-head-block container-light border--ends islet">Sort</strong><div><div class="islet m-border--bottom"><form action="/en/campaign/productos-sin-gluten" class="js-pjax" method="get"><select class="select input--medium micro flush--bottom js-change-list-order" name="o"><option value="" selected="selected">Relevance</option><option value="marca.asc" >Brand (A-Z)</option><option value="marca.desc" >Brand (Z-A)</option><option value="price_unit.asc" >Price (Eur /quantity)</option><option value="price.asc" >Price (- a +)</option><option value="price.desc" >Price (+ to -)</option><option value="created_at.desc" >New in ulabox</option></select><noscript><button type="submit" class="btn btn--small">Select</button></noscript></form></div></div></div><div class="border--bottom"><div class="flexbox | facet-header | container-dark | border--bottom"><strong class="flexbox__item | base-line-height | milli">
        Categories
    </strong></div><nav class="facet-group"><ul class="unlist"><li><a class="selectable-item | flexbox | nauru | js-facet-item | js-track-ui | js-pjax " href="/en/campaign/productos-sin-gluten/cat=1581?ula_src=front_campaign_show&amp;ula_mdm=categories-sidebar-nav" title="Buy Fresh" data-scrollTo="false" data-tracking-action="categories-sidebar-nav"  data-tracking-label="Fresh"><span class="flexbox__item | soft-half--right">
                        Fresh
        </span><span class="flexbox__item | micro brand-face | text-yellow | text--right">8</span></a></li><li><a class="selectable-item | flexbox | nauru | js-facet-item | js-track-ui | js-pjax " href="/en/campaign/productos-sin-gluten/cat=2485?ula_src=front_campaign_show&amp;ula_mdm=categories-sidebar-nav" title="Buy Chilled &amp; Frozen" data-scrollTo="false" data-tracking-action="categories-sidebar-nav"  data-tracking-label="Chilled &amp; Frozen"><span class="flexbox__item | soft-half--right">
                        Chilled & Frozen
        </span><span class="flexbox__item | micro brand-face | text-yellow | text--right">32</span></a></li><li><a class="selectable-item | flexbox | nauru | js-facet-item | js-track-ui | js-pjax " href="/en/campaign/productos-sin-gluten/cat=895?ula_src=front_campaign_show&amp;ula_mdm=categories-sidebar-nav" title="Buy Food Cupboard" data-scrollTo="false" data-tracking-action="categories-sidebar-nav"  data-tracking-label="Food Cupboard"><span class="flexbox__item | soft-half--right">
                        Food Cupboard
        </span><span class="flexbox__item | micro brand-face | text-yellow | text--right">131</span></a></li><li><a class="selectable-item | flexbox | nauru | js-facet-item | js-track-ui | js-pjax " href="/en/campaign/productos-sin-gluten/cat=753?ula_src=front_campaign_show&amp;ula_mdm=categories-sidebar-nav" title="Buy Drinks" data-scrollTo="false" data-tracking-action="categories-sidebar-nav"  data-tracking-label="Drinks"><span class="flexbox__item | soft-half--right">
                        Drinks
        </span><span class="flexbox__item | micro brand-face | text-yellow | text--right">10</span></a></li><li><a class="selectable-item | flexbox | nauru | js-facet-item | js-track-ui | js-pjax " href="/en/campaign/productos-sin-gluten/cat=712?ula_src=front_campaign_show&amp;ula_mdm=categories-sidebar-nav" title="Buy Baby" data-scrollTo="false" data-tracking-action="categories-sidebar-nav"  data-tracking-label="Baby"><span class="flexbox__item | soft-half--right">
                        Baby
        </span><span class="flexbox__item | micro brand-face | text-yellow | text--right">14</span></a></li><li><a class="selectable-item | flexbox | nauru | js-facet-item | js-track-ui | js-pjax " href="/en/campaign/productos-sin-gluten/cat=647?ula_src=front_campaign_show&amp;ula_mdm=categories-sidebar-nav" title="Buy Drugstore" data-scrollTo="false" data-tracking-action="categories-sidebar-nav"  data-tracking-label="Drugstore"><span class="flexbox__item | soft-half--right">
                        Drugstore
        </span><span class="flexbox__item | micro brand-face | text-yellow | text--right">9</span></a></li></ul></nav></div><div class="border--bottom"><div class="flexbox | facet-header | container-dark | border--bottom"><strong class="flexbox__item | base-line-height | milli">
        Special Diets
    </strong><a class="flexbox__item | btn btn--tiny | weak-text-color | float--right | js-pjax is-hidden" href="">
            clean
                            <i class="icon icon--close"></i></a></div><nav class="facet-group"><ul class="unlist" id="intolerancias"><li><a class="selectable-item | flexbox | nauru | js-facet-item | js-track-ui | js-pjax " href="/en/campaign/productos-sin-gluten/intolerancias=sin-gluten?ula_src=front_campaign_show&amp;ula_mdm=group-sidebar-nav" title="Buy products Gluten Free" data-scrollTo="false" data-tracking-action="group-sidebar-nav"  data-tracking-label="Gluten Free"><span class="flexbox__item | soft-half--right"><input class="push-half--right" type="checkbox" name="properties.name" >
                        Gluten Free
        </span><span class="flexbox__item | micro brand-face | text-yellow | text--right">176</span></a></li><li><a class="selectable-item | flexbox | nauru | js-facet-item | js-track-ui | js-pjax " href="/en/campaign/productos-sin-gluten/intolerancias=sin-lactosa?ula_src=front_campaign_show&amp;ula_mdm=group-sidebar-nav" title="Buy products Lactose Free" data-scrollTo="false" data-tracking-action="group-sidebar-nav"  data-tracking-label="Lactose Free"><span class="flexbox__item | soft-half--right"><input class="push-half--right" type="checkbox" name="properties.name" >
                        Lactose Free
        </span><span class="flexbox__item | micro brand-face | text-yellow | text--right">19</span></a></li><li><a class="selectable-item | flexbox | nauru | js-facet-item | js-track-ui | js-pjax " href="/en/campaign/productos-sin-gluten/intolerancias=vegano?ula_src=front_campaign_show&amp;ula_mdm=group-sidebar-nav" title="Buy products Vegano" data-scrollTo="false" data-tracking-action="group-sidebar-nav"  data-tracking-label="Vegano"><span class="flexbox__item | soft-half--right"><input class="push-half--right" type="checkbox" name="properties.name" >
                        Vegano
        </span><span class="flexbox__item | micro brand-face | text-yellow | text--right">15</span></a></li><li><a class="selectable-item | flexbox | nauru | js-facet-item | js-track-ui | js-pjax " href="/en/campaign/productos-sin-gluten/intolerancias=sin-azucar?ula_src=front_campaign_show&amp;ula_mdm=group-sidebar-nav" title="Buy products No Added Sugar" data-scrollTo="false" data-tracking-action="group-sidebar-nav"  data-tracking-label="No Added Sugar"><span class="flexbox__item | soft-half--right"><input class="push-half--right" type="checkbox" name="properties.name" >
                        No Added Sugar
        </span><span class="flexbox__item | micro brand-face | text-yellow | text--right">3</span></a></li></ul></nav></div><div class="border--bottom"><div class="flexbox | facet-header | container-dark | border--bottom"><strong class="flexbox__item | base-line-height | milli">
        Save with Ulabox
    </strong><a class="flexbox__item | btn btn--tiny | weak-text-color | float--right | js-pjax is-hidden" href="">
            clean
                            <i class="icon icon--close"></i></a></div><nav class="facet-group"><ul class="unlist" id="el-mas-barato"><li><a class="selectable-item | flexbox | nauru | js-facet-item | js-track-ui | js-pjax " href="/en/campaign/productos-sin-gluten/el-mas-barato=formato-ahorro?ula_src=front_campaign_show&amp;ula_mdm=group-sidebar-nav" title="Buy products Jumbo Savings" data-scrollTo="false" data-tracking-action="group-sidebar-nav"  data-tracking-label="Jumbo Savings"><span class="flexbox__item | soft-half--right"><input class="push-half--right" type="checkbox" name="properties.name" >
                        Jumbo Savings
        </span><span class="flexbox__item | micro brand-face | text-yellow | text--right">1</span></a></li></ul></nav></div><div class="border--bottom"><div class="flexbox | facet-header | container-dark | border--bottom"><strong class="flexbox__item | base-line-height | milli">
        Other filters
    </strong><a class="flexbox__item | btn btn--tiny | weak-text-color | float--right | js-pjax is-hidden" href="">
            clean
                            <i class="icon icon--close"></i></a></div><nav class="facet-group"><ul class="unlist"><li><a class="selectable-item | flexbox | nauru | js-facet-item | js-track-ui | js-pjax " href="/en/campaign/productos-sin-gluten/tags=oferta?ula_src=front_campaign_show&amp;ula_mdm=group-sidebar-nav" title="Buy products Oferta" data-scrollTo="false" data-tracking-action="group-sidebar-nav"  data-tracking-label="Oferta"><span class="flexbox__item | soft-half--right"><input class="push-half--right" type="checkbox" name="properties.name" >
                        Oferta
        </span><span class="flexbox__item | micro brand-face | text-yellow | text--right">40</span></a></li></ul></nav></div><div class="border--bottom"><div class="flexbox | facet-header | container-dark | border--bottom"><strong class="flexbox__item | base-line-height | milli">
        Brands
    </strong></div><nav class="facet-group"><ul class="unlist" id="brands"><li><a class="selectable-item | flexbox | nauru | js-facet-item | js-track-ui | js-pjax " href="/en/campaign/productos-sin-gluten/marca=schaer?ula_src=front_campaign_show&amp;ula_mdm=brands-sidebar-nav" title="Buy Schär" data-scrollTo="false" data-tracking-action="brands-sidebar-nav"  data-tracking-label="Schär"><span class="flexbox__item | soft-half--right">
                        Schär
        </span><span class="flexbox__item | micro brand-face | text-yellow | text--right">27</span></a></li><li><a class="selectable-item | flexbox | nauru | js-facet-item | js-track-ui | js-pjax " href="/en/campaign/productos-sin-gluten/marca=diet-radisson?ula_src=front_campaign_show&amp;ula_mdm=brands-sidebar-nav" title="Buy DIET Rádisson" data-scrollTo="false" data-tracking-action="brands-sidebar-nav"  data-tracking-label="DIET Rádisson"><span class="flexbox__item | soft-half--right">
                        DIET Rádisson
        </span><span class="flexbox__item | micro brand-face | text-yellow | text--right">19</span></a></li><li><a class="selectable-item | flexbox | nauru | js-facet-item | js-track-ui | js-pjax " href="/en/campaign/productos-sin-gluten/marca=airos?ula_src=front_campaign_show&amp;ula_mdm=brands-sidebar-nav" title="Buy Airos" data-scrollTo="false" data-tracking-action="brands-sidebar-nav"  data-tracking-label="Airos"><span class="flexbox__item | soft-half--right">
                        Airos
        </span><span class="flexbox__item | micro brand-face | text-yellow | text--right">9</span></a></li><li><a class="selectable-item | flexbox | nauru | js-facet-item | js-track-ui | js-pjax " href="/en/campaign/productos-sin-gluten/marca=proceli?ula_src=front_campaign_show&amp;ula_mdm=brands-sidebar-nav" title="Buy Proceli" data-scrollTo="false" data-tracking-action="brands-sidebar-nav"  data-tracking-label="Proceli"><span class="flexbox__item | soft-half--right">
                        Proceli
        </span><span class="flexbox__item | micro brand-face | text-yellow | text--right">8</span></a></li><li><a class="selectable-item | flexbox | nauru | js-facet-item | js-track-ui | js-pjax " href="/en/campaign/productos-sin-gluten/marca=germinal?ula_src=front_campaign_show&amp;ula_mdm=brands-sidebar-nav" title="Buy Germinal" data-scrollTo="false" data-tracking-action="brands-sidebar-nav"  data-tracking-label="Germinal"><span class="flexbox__item | soft-half--right">
                        Germinal
        </span><span class="flexbox__item | micro brand-face | text-yellow | text--right">8</span></a></li></ul></nav><p class="text--center | push--bottom"><a class="btn btn--small | js-view-all" href="/en/campaign/productos-sin-gluten?brand_facets=1" rel="nofollow" data-container="#brands li" data-num="5" data-text="See 5">See all</a></p></div><div class="border--bottom"><div class="flexbox | facet-header | container-dark | border--bottom"><strong class="flexbox__item | base-line-height | milli">
        Specialist stores
    </strong><a class="flexbox__item | btn btn--tiny | weak-text-color | float--right | js-pjax is-hidden" href="">
            clean
                            <i class="icon icon--close"></i></a></div><nav class="facet-group"><ul class="unlist"><li><a class="selectable-item | flexbox | nauru | js-facet-item | js-track-ui | js-pjax " href="/en/campaign/productos-sin-gluten/fab=tienda-productos-eco?ula_src=front_campaign_show&amp;ula_mdm=manufacturers-sidebar-nav" title="Buy Tienda Productos ECO" data-scrollTo="false" data-tracking-action="manufacturers-sidebar-nav"  data-tracking-label="Tienda Productos ECO"><span class="flexbox__item | soft-half--right">
                        Tienda Productos ECO
        </span><span class="flexbox__item | micro brand-face | text-yellow | text--right">14</span></a></li><li><a class="selectable-item | flexbox | nauru | js-facet-item | js-track-ui | js-pjax " href="/en/campaign/productos-sin-gluten/fab=nestle?ula_src=front_campaign_show&amp;ula_mdm=manufacturers-sidebar-nav" title="Buy Nestlé" data-scrollTo="false" data-tracking-action="manufacturers-sidebar-nav"  data-tracking-label="Nestlé"><span class="flexbox__item | soft-half--right">
                        Nestlé
        </span><span class="flexbox__item | micro brand-face | text-yellow | text--right">4</span></a></li><li><a class="selectable-item | flexbox | nauru | js-facet-item | js-track-ui | js-pjax " href="/en/campaign/productos-sin-gluten/fab=almiron?ula_src=front_campaign_show&amp;ula_mdm=manufacturers-sidebar-nav" title="Buy Tienda Almirón" data-scrollTo="false" data-tracking-action="manufacturers-sidebar-nav"  data-tracking-label="Tienda Almirón"><span class="flexbox__item | soft-half--right">
                        Tienda Almirón
        </span><span class="flexbox__item | micro brand-face | text-yellow | text--right">4</span></a></li><li><a class="selectable-item | flexbox | nauru | js-facet-item | js-track-ui | js-pjax " href="/en/campaign/productos-sin-gluten/fab=natural-food-bcn?ula_src=front_campaign_show&amp;ula_mdm=manufacturers-sidebar-nav" title="Buy Natural Food BCN" data-scrollTo="false" data-tracking-action="manufacturers-sidebar-nav"  data-tracking-label="Natural Food BCN"><span class="flexbox__item | soft-half--right">
                        Natural Food BCN
        </span><span class="flexbox__item | micro brand-face | text-yellow | text--right">4</span></a></li><li><a class="selectable-item | flexbox | nauru | js-facet-item | js-track-ui | js-pjax " href="/en/campaign/productos-sin-gluten/fab=tienda-damm?ula_src=front_campaign_show&amp;ula_mdm=manufacturers-sidebar-nav" title="Buy Damm" data-scrollTo="false" data-tracking-action="manufacturers-sidebar-nav"  data-tracking-label="Damm"><span class="flexbox__item | soft-half--right">
                        Damm
        </span><span class="flexbox__item | micro brand-face | text-yellow | text--right">4</span></a></li><li><a class="selectable-item | flexbox | nauru | js-facet-item | js-track-ui | js-pjax " href="/en/campaign/productos-sin-gluten/fab=nestle-infantil?ula_src=front_campaign_show&amp;ula_mdm=manufacturers-sidebar-nav" title="Buy Nestlé Infantil" data-scrollTo="false" data-tracking-action="manufacturers-sidebar-nav"  data-tracking-label="Nestlé Infantil"><span class="flexbox__item | soft-half--right">
                        Nestlé Infantil
        </span><span class="flexbox__item | micro brand-face | text-yellow | text--right">3</span></a></li><li><a class="selectable-item | flexbox | nauru | js-facet-item | js-track-ui | js-pjax " href="/en/campaign/productos-sin-gluten/fab=sainberg-la-ibense?ula_src=front_campaign_show&amp;ula_mdm=manufacturers-sidebar-nav" title="Buy Sainberg La Ibense" data-scrollTo="false" data-tracking-action="manufacturers-sidebar-nav"  data-tracking-label="Sainberg La Ibense"><span class="flexbox__item | soft-half--right">
                        Sainberg La Ibense
        </span><span class="flexbox__item | micro brand-face | text-yellow | text--right">2</span></a></li><li><a class="selectable-item | flexbox | nauru | js-facet-item | js-track-ui | js-pjax " href="/en/campaign/productos-sin-gluten/fab=tgt?ula_src=front_campaign_show&amp;ula_mdm=manufacturers-sidebar-nav" title="Buy TGT" data-scrollTo="false" data-tracking-action="manufacturers-sidebar-nav"  data-tracking-label="TGT"><span class="flexbox__item | soft-half--right">
                        TGT
        </span><span class="flexbox__item | micro brand-face | text-yellow | text--right">2</span></a></li><li><a class="selectable-item | flexbox | nauru | js-facet-item | js-track-ui | js-pjax " href="/en/campaign/productos-sin-gluten/fab=grupo-apex?ula_src=front_campaign_show&amp;ula_mdm=manufacturers-sidebar-nav" title="Buy Grupo Apex" data-scrollTo="false" data-tracking-action="manufacturers-sidebar-nav"  data-tracking-label="Grupo Apex"><span class="flexbox__item | soft-half--right">
                        Grupo Apex
        </span><span class="flexbox__item | micro brand-face | text-yellow | text--right">2</span></a></li><li><a class="selectable-item | flexbox | nauru | js-facet-item | js-track-ui | js-pjax " href="/en/campaign/productos-sin-gluten/fab=unilever?ula_src=front_campaign_show&amp;ula_mdm=manufacturers-sidebar-nav" title="Buy Unilever" data-scrollTo="false" data-tracking-action="manufacturers-sidebar-nav"  data-tracking-label="Unilever"><span class="flexbox__item | soft-half--right">
                        Unilever
        </span><span class="flexbox__item | micro brand-face | text-yellow | text--right">1</span></a></li><li><a class="selectable-item | flexbox | nauru | js-facet-item | js-track-ui | js-pjax " href="/en/campaign/productos-sin-gluten/fab=packalia?ula_src=front_campaign_show&amp;ula_mdm=manufacturers-sidebar-nav" title="Buy Grupo Ybarra" data-scrollTo="false" data-tracking-action="manufacturers-sidebar-nav"  data-tracking-label="Grupo Ybarra"><span class="flexbox__item | soft-half--right">
                        Grupo Ybarra
        </span><span class="flexbox__item | micro brand-face | text-yellow | text--right">1</span></a></li><li><a class="selectable-item | flexbox | nauru | js-facet-item | js-track-ui | js-pjax " href="/en/campaign/productos-sin-gluten/fab=catalunya-gourmet?ula_src=front_campaign_show&amp;ula_mdm=manufacturers-sidebar-nav" title="Buy Catalonia Gourmet" data-scrollTo="false" data-tracking-action="manufacturers-sidebar-nav"  data-tracking-label="Catalonia Gourmet"><span class="flexbox__item | soft-half--right">
                        Catalonia Gourmet
        </span><span class="flexbox__item | micro brand-face | text-yellow | text--right">1</span></a></li><li><a class="selectable-item | flexbox | nauru | js-facet-item | js-track-ui | js-pjax " href="/en/campaign/productos-sin-gluten/fab=pepsico?ula_src=front_campaign_show&amp;ula_mdm=manufacturers-sidebar-nav" title="Buy Pepsico" data-scrollTo="false" data-tracking-action="manufacturers-sidebar-nav"  data-tracking-label="Pepsico"><span class="flexbox__item | soft-half--right">
                        Pepsico
        </span><span class="flexbox__item | micro brand-face | text-yellow | text--right">1</span></a></li><li><a class="selectable-item | flexbox | nauru | js-facet-item | js-track-ui | js-pjax " href="/en/campaign/productos-sin-gluten/fab=100-natural-y-sano?ula_src=front_campaign_show&amp;ula_mdm=manufacturers-sidebar-nav" title="Buy 100% Natural y Sano" data-scrollTo="false" data-tracking-action="manufacturers-sidebar-nav"  data-tracking-label="100% Natural y Sano"><span class="flexbox__item | soft-half--right">
                        100% Natural y Sano
        </span><span class="flexbox__item | micro brand-face | text-yellow | text--right">1</span></a></li><li><a class="selectable-item | flexbox | nauru | js-facet-item | js-track-ui | js-pjax " href="/en/campaign/productos-sin-gluten/fab=tu-alimentacion-bio?ula_src=front_campaign_show&amp;ula_mdm=manufacturers-sidebar-nav" title="Buy Tu Alimentación Bio" data-scrollTo="false" data-tracking-action="manufacturers-sidebar-nav"  data-tracking-label="Tu Alimentación Bio"><span class="flexbox__item | soft-half--right">
                        Tu Alimentación Bio
        </span><span class="flexbox__item | micro brand-face | text-yellow | text--right">1</span></a></li></ul></nav></div><div class="border--bottom"><div class="flexbox | facet-header | container-dark | border--bottom"><strong class="flexbox__item | base-line-height | milli">
        Price range
    </strong><a class="flexbox__item | btn btn--tiny | weak-text-color | float--right | js-pjax is-hidden" href="">
            clean
                            <i class="icon icon--close"></i></a></div><nav class="facet-group"><noscript><li><a class="selectable-item | flexbox | nauru | js-facet-item | js-track-ui | js-pjax " href="/en/campaign/productos-sin-gluten/price=0.00-0.99?ula_src=front_campaign_show&amp;ula_mdm=price-sidebar-nav" title="Show products between €0.00 - €0.99" rel="nofollow" data-scrollTo="false" data-tracking-action="price-sidebar-nav"  data-tracking-label="€0.00 - €0.99"><span class="flexbox__item | soft-half--right">
                        €0.00 - €0.99
        </span><span class="flexbox__item | micro brand-face | text-yellow | text--right">3</span></a></li><li><a class="selectable-item | flexbox | nauru | js-facet-item | js-track-ui | js-pjax " href="/en/campaign/productos-sin-gluten/price=1.00-1.99?ula_src=front_campaign_show&amp;ula_mdm=price-sidebar-nav" title="Show products between €1.00 - €1.99" rel="nofollow" data-scrollTo="false" data-tracking-action="price-sidebar-nav"  data-tracking-label="€1.00 - €1.99"><span class="flexbox__item | soft-half--right">
                        €1.00 - €1.99
        </span><span class="flexbox__item | micro brand-face | text-yellow | text--right">32</span></a></li><li><a class="selectable-item | flexbox | nauru | js-facet-item | js-track-ui | js-pjax " href="/en/campaign/productos-sin-gluten/price=2.00-2.99?ula_src=front_campaign_show&amp;ula_mdm=price-sidebar-nav" title="Show products between €2.00 - €2.99" rel="nofollow" data-scrollTo="false" data-tracking-action="price-sidebar-nav"  data-tracking-label="€2.00 - €2.99"><span class="flexbox__item | soft-half--right">
                        €2.00 - €2.99
        </span><span class="flexbox__item | micro brand-face | text-yellow | text--right">53</span></a></li><li><a class="selectable-item | flexbox | nauru | js-facet-item | js-track-ui | js-pjax " href="/en/campaign/productos-sin-gluten/price=3.00-3.99?ula_src=front_campaign_show&amp;ula_mdm=price-sidebar-nav" title="Show products between €3.00 - €3.99" rel="nofollow" data-scrollTo="false" data-tracking-action="price-sidebar-nav"  data-tracking-label="€3.00 - €3.99"><span class="flexbox__item | soft-half--right">
                        €3.00 - €3.99
        </span><span class="flexbox__item | micro brand-face | text-yellow | text--right">50</span></a></li><li><a class="selectable-item | flexbox | nauru | js-facet-item | js-track-ui | js-pjax " href="/en/campaign/productos-sin-gluten/price=4.00-4.99?ula_src=front_campaign_show&amp;ula_mdm=price-sidebar-nav" title="Show products between €4.00 - €4.99" rel="nofollow" data-scrollTo="false" data-tracking-action="price-sidebar-nav"  data-tracking-label="€4.00 - €4.99"><span class="flexbox__item | soft-half--right">
                        €4.00 - €4.99
        </span><span class="flexbox__item | micro brand-face | text-yellow | text--right">29</span></a></li><li><a class="selectable-item | flexbox | nauru | js-facet-item | js-track-ui | js-pjax " href="/en/campaign/productos-sin-gluten/price=5.00-5.99?ula_src=front_campaign_show&amp;ula_mdm=price-sidebar-nav" title="Show products between €5.00 - €5.99" rel="nofollow" data-scrollTo="false" data-tracking-action="price-sidebar-nav"  data-tracking-label="€5.00 - €5.99"><span class="flexbox__item | soft-half--right">
                        €5.00 - €5.99
        </span><span class="flexbox__item | micro brand-face | text-yellow | text--right">7</span></a></li><li><a class="selectable-item | flexbox | nauru | js-facet-item | js-track-ui | js-pjax " href="/en/campaign/productos-sin-gluten/price=6.00-6.99?ula_src=front_campaign_show&amp;ula_mdm=price-sidebar-nav" title="Show products between €6.00 - €6.99" rel="nofollow" data-scrollTo="false" data-tracking-action="price-sidebar-nav"  data-tracking-label="€6.00 - €6.99"><span class="flexbox__item | soft-half--right">
                        €6.00 - €6.99
        </span><span class="flexbox__item | micro brand-face | text-yellow | text--right">7</span></a></li><li><a class="selectable-item | flexbox | nauru | js-facet-item | js-track-ui | js-pjax " href="/en/campaign/productos-sin-gluten/price=7.00-7.99?ula_src=front_campaign_show&amp;ula_mdm=price-sidebar-nav" title="Show products between €7.00 - €7.99" rel="nofollow" data-scrollTo="false" data-tracking-action="price-sidebar-nav"  data-tracking-label="€7.00 - €7.99"><span class="flexbox__item | soft-half--right">
                        €7.00 - €7.99
        </span><span class="flexbox__item | micro brand-face | text-yellow | text--right">3</span></a></li><li><a class="selectable-item | flexbox | nauru | js-facet-item | js-track-ui | js-pjax " href="/en/campaign/productos-sin-gluten/price=8.00-10.99?ula_src=front_campaign_show&amp;ula_mdm=price-sidebar-nav" title="Show products between €8.00 - €10.99" rel="nofollow" data-scrollTo="false" data-tracking-action="price-sidebar-nav"  data-tracking-label="€8.00 - €10.99"><span class="flexbox__item | soft-half--right">
                        €8.00 - €10.99
        </span><span class="flexbox__item | micro brand-face | text-yellow | text--right">2</span></a></li><li><a class="selectable-item | flexbox | nauru | js-facet-item | js-track-ui | js-pjax " href="/en/campaign/productos-sin-gluten/price=11.00?ula_src=front_campaign_show&amp;ula_mdm=price-sidebar-nav" title="Show products between +€11.00" rel="nofollow" data-scrollTo="false" data-tracking-action="price-sidebar-nav"  data-tracking-label="+€11.00"><span class="flexbox__item | soft-half--right">
                        +€11.00
        </span><span class="flexbox__item | micro brand-face | text-yellow | text--right">1</span></a></li></noscript><div class="islet | push--sides"><div class="js-slider | push--top" data-slider-start="[0,12]" data-slider-min="0" data-slider-max="12"></div></div></nav></div><div class="border--bottom"><div class="flexbox | facet-header | container-dark | border--bottom"><strong class="flexbox__item | base-line-height | milli">
        Score
    </strong><a class="flexbox__item | btn btn--tiny | weak-text-color | float--right | js-pjax is-hidden" href="">
            clean
                            <i class="icon icon--close"></i></a></div><nav class="facet-group"><ul class="unlist"><li><a class="selectable-item | flexbox | nauru | js-facet-item | js-track-ui | js-pjax " href="/en/campaign/productos-sin-gluten/rating=5.0?ula_src=front_campaign_show&amp;ula_mdm=rating-sidebar-nav" title="5 stars" rel="nofollow" data-scrollTo="false" data-tracking-action="rating-sidebar-nav"  data-tracking-label="


&lt;div class=&quot;star-rating&quot;&gt;
    &lt;div class=&quot;current-rating current-rating--5&quot;&gt;&lt;i class=&quot;star-rating__star&quot;&gt;&lt;/i&gt;&lt;/div&gt;
&lt;/div&gt;
"><span class="flexbox__item | soft-half--right"><input class="push-half--right" type="checkbox" name="properties.name" ><div class="star-rating"><div class="current-rating current-rating--5"><i class="star-rating__star"></i></div></div></span><span class="flexbox__item | micro brand-face | text-yellow | text--right">28</span></a></li><li><a class="selectable-item | flexbox | nauru | js-facet-item | js-track-ui | js-pjax " href="/en/campaign/productos-sin-gluten/rating=4.5?ula_src=front_campaign_show&amp;ula_mdm=rating-sidebar-nav" title="4.5 stars" rel="nofollow" data-scrollTo="false" data-tracking-action="rating-sidebar-nav"  data-tracking-label="


&lt;div class=&quot;star-rating&quot;&gt;
    &lt;div class=&quot;current-rating current-rating--4-5&quot;&gt;&lt;i class=&quot;star-rating__star&quot;&gt;&lt;/i&gt;&lt;/div&gt;
&lt;/div&gt;
"><span class="flexbox__item | soft-half--right"><input class="push-half--right" type="checkbox" name="properties.name" ><div class="star-rating"><div class="current-rating current-rating--4-5"><i class="star-rating__star"></i></div></div></span><span class="flexbox__item | micro brand-face | text-yellow | text--right">4</span></a></li><li><a class="selectable-item | flexbox | nauru | js-facet-item | js-track-ui | js-pjax " href="/en/campaign/productos-sin-gluten/rating=4.0?ula_src=front_campaign_show&amp;ula_mdm=rating-sidebar-nav" title="4 stars" rel="nofollow" data-scrollTo="false" data-tracking-action="rating-sidebar-nav"  data-tracking-label="


&lt;div class=&quot;star-rating&quot;&gt;
    &lt;div class=&quot;current-rating current-rating--4&quot;&gt;&lt;i class=&quot;star-rating__star&quot;&gt;&lt;/i&gt;&lt;/div&gt;
&lt;/div&gt;
"><span class="flexbox__item | soft-half--right"><input class="push-half--right" type="checkbox" name="properties.name" ><div class="star-rating"><div class="current-rating current-rating--4"><i class="star-rating__star"></i></div></div></span><span class="flexbox__item | micro brand-face | text-yellow | text--right">8</span></a></li><li><a class="selectable-item | flexbox | nauru | js-facet-item | js-track-ui | js-pjax " href="/en/campaign/productos-sin-gluten/rating=3.5?ula_src=front_campaign_show&amp;ula_mdm=rating-sidebar-nav" title="3.5 stars" rel="nofollow" data-scrollTo="false" data-tracking-action="rating-sidebar-nav"  data-tracking-label="


&lt;div class=&quot;star-rating&quot;&gt;
    &lt;div class=&quot;current-rating current-rating--3-5&quot;&gt;&lt;i class=&quot;star-rating__star&quot;&gt;&lt;/i&gt;&lt;/div&gt;
&lt;/div&gt;
"><span class="flexbox__item | soft-half--right"><input class="push-half--right" type="checkbox" name="properties.name" ><div class="star-rating"><div class="current-rating current-rating--3-5"><i class="star-rating__star"></i></div></div></span><span class="flexbox__item | micro brand-face | text-yellow | text--right">2</span></a></li><li><a class="selectable-item | flexbox | nauru | js-facet-item | js-track-ui | js-pjax " href="/en/campaign/productos-sin-gluten/rating=3.0?ula_src=front_campaign_show&amp;ula_mdm=rating-sidebar-nav" title="3 stars" rel="nofollow" data-scrollTo="false" data-tracking-action="rating-sidebar-nav"  data-tracking-label="


&lt;div class=&quot;star-rating&quot;&gt;
    &lt;div class=&quot;current-rating current-rating--3&quot;&gt;&lt;i class=&quot;star-rating__star&quot;&gt;&lt;/i&gt;&lt;/div&gt;
&lt;/div&gt;
"><span class="flexbox__item | soft-half--right"><input class="push-half--right" type="checkbox" name="properties.name" ><div class="star-rating"><div class="current-rating current-rating--3"><i class="star-rating__star"></i></div></div></span><span class="flexbox__item | micro brand-face | text-yellow | text--right">1</span></a></li><li><a class="selectable-item | flexbox | nauru | js-facet-item | js-track-ui | js-pjax " href="/en/campaign/productos-sin-gluten/rating=2.5?ula_src=front_campaign_show&amp;ula_mdm=rating-sidebar-nav" title="2.5 stars" rel="nofollow" data-scrollTo="false" data-tracking-action="rating-sidebar-nav"  data-tracking-label="


&lt;div class=&quot;star-rating&quot;&gt;
    &lt;div class=&quot;current-rating current-rating--2-5&quot;&gt;&lt;i class=&quot;star-rating__star&quot;&gt;&lt;/i&gt;&lt;/div&gt;
&lt;/div&gt;
"><span class="flexbox__item | soft-half--right"><input class="push-half--right" type="checkbox" name="properties.name" ><div class="star-rating"><div class="current-rating current-rating--2-5"><i class="star-rating__star"></i></div></div></span><span class="flexbox__item | micro brand-face | text-yellow | text--right">1</span></a></li></ul></nav></div></div></div></nav></div><main role="main" class="js-list-grid | grid__item one-whole | dw-grid__item--no-gutter dw-four-fifths dw-border--left | d-grid__item--no-gutter d-three-quarters d-border--left | t-border--left"><link rel="next" href="https://www.ulabox.com/en/campaign/productos-sin-gluten?p=2"/><header class="container-white | islet | flexbox | border--bottom"><a class="flexbox__item | js-pjax" href="/en/campaign/productos-sin-gluten"><h1 class="brand-face | delta |  base-line-height | flush--bottom | text--left">Productos Sin Gluten</h1></a></header><section id="product-list" class="js-product-list | product-list js-products-list"><div class="pagination-options | border--bottom | flexbox"><div class="sort-by flexbox__item islet  m-hide"><a href="#" class="btn btn--small m-hide d-hide dw-hide js-toggle-facets-tablet">Sort and Filter</a><div class="t-hide"><form action="/en/campaign/productos-sin-gluten" class="js-pjax" method="get"><select class="select input--medium micro flush--bottom js-change-list-order" name="o"><option value="" selected="selected">Relevance</option><option value="marca.asc" >Brand (A-Z)</option><option value="marca.desc" >Brand (Z-A)</option><option value="price_unit.asc" >Price (Eur /quantity)</option><option value="price.asc" >Price (- a +)</option><option value="price.desc" >Price (+ to -)</option><option value="created_at.desc" >New in ulabox</option></select><noscript><button type="submit" class="btn btn--small">Select</button></noscript></form></div></div><div class="results-and-switch flexbox__item islet m-hide"><div class="view-switch btn-group float--right m-hide"><a class="btn btn--init js-pjax is-active" href="/en/campaign/productos-sin-gluten?v=g" rel="nofollow"><i class="icon icon--grid icon--muted"></i></a><a class="btn btn--end js-pjax " href="/en/campaign/productos-sin-gluten?v=l" rel="nofollow"><i class="icon icon--list icon--muted"></i></a></div></div></div><div class="container-light border--bottom"><div class="island"></div></div><header class="container-white | islet | flexbox | border--bottom" id="ofertas-destacadas"><span class="flexbox__item"><h2 class="brand-face | epsilon |  base-line-height | flush--bottom | text--left">¡Ofertas destacadas!</h2></span></header><div id="product-list" class="js-product-list | container-light | border--bottom | clear-fix"><div class="container-light | t-island d-island dw-island"><div class="grid"><div class="grid__item m-one-whole t-one-third d-one-third dw-one-quarter | js-product-grid-grid"><article class="js-product-item js-article |  product-item product-item--grid | js-product-container js-article js-article-27402 product-item--grid margin-trailer-1"
     id="product-27402"
     data-product-name="Pan de Payes Airos Gluten Free Airos"
     data-product-id="27402"
     data-price="3.97"
     data-position="1"
     data-product-brand="Airos"
     data-list-type="Campaign Listing"
     ><div class="product-item__main"><div class="in-cart-quantity | js-in-cart-quantity is-hidden"></div><div class="product-item__offer"></div><div class="badge-container"></div><a class="product-item__image nauru js-pjax js-article-link" href="/en/product/pan-de-payes-cortado-sin-gluten-airos/27402" title="Buy Pan de Payes Airos Gluten Free Airos"><img src="/img/pixel.png" data-src="https://static.ulabox.com/media/106434_m1.jpg" class="lazy" alt="Pan de Payes Airos Gluten Free Airos" width="160"></a><div class="islet"><hgroup class="product-item__title"><h4 class="product-item__brand micro | push-half--bottom"><a href="/en/brand/airos/3255" title="See more products from Airos" class="js-pjax">
                        Airos
                    </a></h4><h3 class="product-item__name zeta face-normal | flush--bottom"><a href="/en/product/pan-de-payes-cortado-sin-gluten-airos/27402" title="Buy Pan de Payes Airos Gluten Free Airos" class="js-article-link | js-pjax">
                        Pan de Payes Airos Gluten Free Airos
                    </a><span class="product-item__info weak-text-color"><small class="product-item__units nano">450 gr</small><small class="product-item__ppu nano"> | €8.82 / kg.</small></span></h3></hgroup></div><div class="flexbox | soft-half--sides"><div class="flexbox__item"><div class="star-rating star-rating--small"><div class="current-rating current-rating--4-5"><i class="star-rating__star"></i></div></div><a class="review-count-bubble review-count-bubble--compact | pico | flush--bottom push-half--left" href="/en/product/pan-de-payes-cortado-sin-gluten-airos/27402#reviews" title="See 3 reviews on Pan de Payes Airos Gluten Free Airos">3</a></div><div class="flexbox__item | text--right"><div class="dropdown | dropdown__menu--right | js-dropdown-toggle" data-json='{"followMouse": true, "target": "#product_dropdown", "noClose": true}'><a class="dropdown__toggle | nano | nauru flush--bottom | is-hidden-if-no-js js-show-customer-lists" href="/en/account/lists/" ><i class="icon icon--plus"></i> Add to list
                    </a></div></div></div></div><div class="product-item__shop product-grid__footer | islet "><form class="float--right" action="/en/cart/product/27402" method="post"><span class="product-grid-footer__price"><strong class="product-item__price"><span class="delta">3</span><span class="milli">,97 €</span></strong></span><span class="product-grid-footer__buttons"><button class="btn btn--small btn--remove-circle | is-hidden | js-remove-from-cart "></button><button type="submit" class="btn btn--shop btn--shop-mobile-circle js-add-to-cart |  " data-can-buy-classes="btn--shop btn--shop-mobile-circle" data-can-buy-text="Add" data-can-not-buy-text="More info"
                        data-has-promo="0"><span class="btn--shop__text js-btn-text">Add</span></button></span></form></div></article></div><div class="grid__item m-one-whole t-one-third d-one-third dw-one-quarter | js-product-grid-grid"><article class="js-product-item js-article |  product-item product-item--grid | js-product-container js-article js-article-5092 product-item--grid margin-trailer-1"
     id="product-5092"
     data-product-name="DIET Rádisson Corn Pancakes Eco Gluten Free"
     data-product-id="5092"
     data-price="2.05"
     data-position="2"
     data-product-brand="DIET Rádisson"
     data-list-type="Campaign Listing"
     ><div class="product-item__main"><div class="in-cart-quantity | js-in-cart-quantity is-hidden"></div><a href="/marca/DIET Rádisson/834/tags=oferta?ula_src=front_campaign_show&amp;ula_mdm=promo_text"><strong class="product-item__offer brand-color micro ellipsis-fadeout | islet flush--bottom | m-hide">Puedes combinar productos &gt;&gt; Ver</strong></a><div class="badge-container"><a href="/marca/DIET Rádisson/834/tags=oferta?ula_src=front_campaign_show&amp;ula_mdm=badge" title="Puedes combinar productos &gt;&gt; Ver"><div class="badge badge--small badge--default"><div class="badge__text badge__text--long"><span>2 ª <br> -20%</span></div></div></a></div><a class="product-item__image nauru js-pjax js-article-link" href="/en/product/diet-radisson-tortitas-de-maiz-eco-sin-gluten/5092" title="Buy DIET Rádisson Corn Pancakes Eco Gluten Free"><img src="/img/pixel.png" data-src="https://static.ulabox.com/media/128030_m1.jpg" class="lazy" alt="DIET Rádisson Corn Pancakes Eco Gluten Free" width="160"></a><div class="islet"><hgroup class="product-item__title"><h4 class="product-item__brand micro | push-half--bottom"><a href="/en/brand/diet-radisson/834" title="See more products from DIET Rádisson" class="js-pjax">
                        DIET Rádisson
                    </a></h4><h3 class="product-item__name zeta face-normal | flush--bottom"><a href="/en/product/diet-radisson-tortitas-de-maiz-eco-sin-gluten/5092" title="Buy DIET Rádisson Corn Pancakes Eco Gluten Free" class="js-article-link | js-pjax">
                        DIET Rádisson Corn Pancakes Eco Gluten Free
                    </a><span class="product-item__info weak-text-color"><small class="product-item__units nano">135 gr</small><small class="product-item__ppu nano"> | €15.19 / kg.</small><a
          class="tag tag-eco  tag--small push-half--left"
          href="/en/filter/eco"
          title="eco"
        >
          Organic
        </a></span></h3></hgroup></div><div class="flexbox | soft-half--sides"><div class="flexbox__item"></div><div class="flexbox__item | text--right"><div class="dropdown | dropdown__menu--right | js-dropdown-toggle" data-json='{"followMouse": true, "target": "#product_dropdown", "noClose": true}'><a class="dropdown__toggle | nano | nauru flush--bottom | is-hidden-if-no-js js-show-customer-lists" href="/en/account/lists/" ><i class="icon icon--plus"></i> Add to list
                    </a></div></div></div></div><div class="product-item__shop product-grid__footer | islet "><form class="float--right" action="/en/cart/product/5092" method="post"><span class="product-grid-footer__price"><strong class="product-item__price"><span class="delta">2</span><span class="milli">,05 €</span></strong></span><span class="product-grid-footer__buttons"><button class="btn btn--small btn--remove-circle | is-hidden | js-remove-from-cart "></button><button type="submit" class="btn btn--shop btn--shop-mobile-circle js-add-to-cart |  " data-can-buy-classes="btn--shop btn--shop-mobile-circle" data-can-buy-text="Add" data-can-not-buy-text="More info"
                        data-has-promo="1 - Puedes combinar productos &gt;&gt; Ver"><span class="btn--shop__text js-btn-text">Add</span></button></span></form></div></article></div><div class="grid__item m-one-whole t-one-third d-one-third dw-one-quarter | js-product-grid-grid"><article class="js-product-item js-article |  product-item product-item--grid | js-product-container js-article js-article-38451 product-item--grid margin-trailer-1"
     id="product-38451"
     data-product-name="Corn Bicentury without Gluten Bicentury"
     data-product-id="38451"
     data-price="1.79"
     data-position="3"
     data-product-brand="Bicentury"
     data-list-type="Campaign Listing"
     ><div class="product-item__main"><div class="in-cart-quantity | js-in-cart-quantity is-hidden"></div><strong class="product-item__offer brand-color micro ellipsis-fadeout | islet flush--bottom | m-hide">¡Bajamos el precio!</strong><div class="badge-container"></div><a class="product-item__image nauru js-pjax js-article-link" href="/en/product/tortitas-de-maiz-sin-gluten-bicentury/38451" title="Buy Corn Bicentury without Gluten Bicentury"><img src="/img/pixel.png" data-src="https://static.ulabox.com/media/85618_m1.jpg" class="lazy" alt="Corn Bicentury without Gluten Bicentury" width="160"></a><div class="islet"><hgroup class="product-item__title"><h4 class="product-item__brand micro | push-half--bottom"><a href="/en/brand/bicentury/1333" title="See more products from Bicentury" class="js-pjax">
                        Bicentury
                    </a></h4><h3 class="product-item__name zeta face-normal | flush--bottom"><a href="/en/product/tortitas-de-maiz-sin-gluten-bicentury/38451" title="Buy Corn Bicentury without Gluten Bicentury" class="js-article-link | js-pjax">
                        Corn Bicentury without Gluten Bicentury
                    </a><span class="product-item__info weak-text-color"><small class="product-item__units nano">130 gr</small><small class="product-item__ppu nano"> | €13.77 / kg.</small></span></h3></hgroup></div><div class="flexbox | soft-half--sides"><div class="flexbox__item"></div><div class="flexbox__item | text--right"><div class="dropdown | dropdown__menu--right | js-dropdown-toggle" data-json='{"followMouse": true, "target": "#product_dropdown", "noClose": true}'><a class="dropdown__toggle | nano | nauru flush--bottom | is-hidden-if-no-js js-show-customer-lists" href="/en/account/lists/" ><i class="icon icon--plus"></i> Add to list
                    </a></div></div></div></div><div class="product-item__shop product-grid__footer | islet product-item__shop--twolines"><form class="float--right" action="/en/cart/product/38451" method="post"><span class="product-grid-footer__price"><del class="product-item__price product-item__price--old product-grid-footer__price--old nano | flush--bottom">€1.89</del><strong class="product-item__price product-item__price--new product-grid-footer__price--new brand-color"><span class="delta">1</span><span class="milli">,79 €</span></strong></span><span class="product-grid-footer__buttons"><button class="btn btn--small btn--remove-circle | is-hidden | js-remove-from-cart "></button><button type="submit" class="btn btn--shop btn--shop-mobile-circle js-add-to-cart |  " data-can-buy-classes="btn--shop btn--shop-mobile-circle" data-can-buy-text="Add" data-can-not-buy-text="More info"
                        data-has-promo="0"><span class="btn--shop__text js-btn-text">Add</span></button></span></form></div></article></div><div class="grid__item m-one-whole t-one-third d-one-third dw-one-quarter | js-product-grid-grid"><article class="js-product-item js-article |  product-item product-item--grid | js-product-container js-article js-article-35426 product-item--grid margin-trailer-1"
     id="product-35426"
     data-product-name="Integral Rice DIET Rádisson Gluten Free DIET Rádisson 130g"
     data-product-id="35426"
     data-price="1.79"
     data-position="4"
     data-product-brand="DIET Rádisson"
     data-list-type="Campaign Listing"
     ><div class="product-item__main"><div class="in-cart-quantity | js-in-cart-quantity is-hidden"></div><a href="/marca/DIET Rádisson/834/tags=oferta?ula_src=front_campaign_show&amp;ula_mdm=promo_text"><strong class="product-item__offer brand-color micro ellipsis-fadeout | islet flush--bottom | m-hide">Puedes combinar productos &gt;&gt; Ver</strong></a><div class="badge-container"><a href="/marca/DIET Rádisson/834/tags=oferta?ula_src=front_campaign_show&amp;ula_mdm=badge" title="Puedes combinar productos &gt;&gt; Ver"><div class="badge badge--small badge--default"><div class="badge__text badge__text--long"><span>2 ª <br> -20%</span></div></div></a></div><a class="product-item__image nauru js-pjax js-article-link" href="/en/product/tortitas-de-arroz-integral-eco-sin-gluten-diet-radisson-130g/35426" title="Buy Integral Rice DIET Rádisson Gluten Free DIET Rádisson 130g"><img src="/img/pixel.png" data-src="https://static.ulabox.com/media/82195_m1.jpg" class="lazy" alt="Integral Rice DIET Rádisson Gluten Free DIET Rádisson 130g" width="160"></a><div class="islet"><hgroup class="product-item__title"><h4 class="product-item__brand micro | push-half--bottom"><a href="/en/brand/diet-radisson/834" title="See more products from DIET Rádisson" class="js-pjax">
                        DIET Rádisson
                    </a></h4><h3 class="product-item__name zeta face-normal | flush--bottom"><a href="/en/product/tortitas-de-arroz-integral-eco-sin-gluten-diet-radisson-130g/35426" title="Buy Integral Rice DIET Rádisson Gluten Free DIET Rádisson 130g" class="js-article-link | js-pjax">
                        Integral Rice DIET Rádisson Gluten Free DIET …
                    </a><span class="product-item__info weak-text-color"><small class="product-item__units nano">130 gr</small><small class="product-item__ppu nano"> | €13.77 / kg.</small><a
          class="tag tag-eco  tag--small push-half--left"
          href="/en/filter/eco"
          title="eco"
        >
          Organic
        </a></span></h3></hgroup></div><div class="flexbox | soft-half--sides"><div class="flexbox__item"><div class="star-rating star-rating--small"><div class="current-rating current-rating--5"><i class="star-rating__star"></i></div></div><a class="review-count-bubble review-count-bubble--compact | pico | flush--bottom push-half--left" href="/en/product/tortitas-de-arroz-integral-eco-sin-gluten-diet-radisson-130g/35426#reviews" title="See review on Integral Rice DIET Rádisson Gluten Free DIET Rádisson 130g">1</a></div><div class="flexbox__item | text--right"><div class="dropdown | dropdown__menu--right | js-dropdown-toggle" data-json='{"followMouse": true, "target": "#product_dropdown", "noClose": true}'><a class="dropdown__toggle | nano | nauru flush--bottom | is-hidden-if-no-js js-show-customer-lists" href="/en/account/lists/" ><i class="icon icon--plus"></i> Add to list
                    </a></div></div></div></div><div class="product-item__shop product-grid__footer | islet "><form class="float--right" action="/en/cart/product/35426" method="post"><span class="product-grid-footer__price"><strong class="product-item__price"><span class="delta">1</span><span class="milli">,79 €</span></strong></span><span class="product-grid-footer__buttons"><button class="btn btn--small btn--remove-circle | is-hidden | js-remove-from-cart "></button><button type="submit" class="btn btn--shop btn--shop-mobile-circle js-add-to-cart |  " data-can-buy-classes="btn--shop btn--shop-mobile-circle" data-can-buy-text="Add" data-can-not-buy-text="More info"
                        data-has-promo="1 - Puedes combinar productos &gt;&gt; Ver"><span class="btn--shop__text js-btn-text">Add</span></button></span></form></div></article></div><div class="grid__item m-one-whole t-one-third d-one-third dw-one-quarter | js-product-grid-grid"><article class="js-product-item js-article |  product-item product-item--grid | js-product-container js-article js-article-38455 product-item--grid margin-trailer-1"
     id="product-38455"
     data-product-name="Cereal Bar Chocolate Milk Sarialis Gluten Free Bicentury"
     data-product-id="38455"
     data-price="2.75"
     data-position="5"
     data-product-brand="Bicentury"
     data-list-type="Campaign Listing"
     ><div class="product-item__main"><div class="in-cart-quantity | js-in-cart-quantity is-hidden"></div><div class="product-item__offer"></div><div class="badge-container"></div><a class="product-item__image nauru js-pjax js-article-link" href="/en/product/barrita-de-cereales-chocolate-con-leche-sarialis-sin-gluten-bicentury/38455" title="Buy Cereal Bar Chocolate Milk Sarialis Gluten Free Bicentury"><img src="/img/pixel.png" data-src="https://static.ulabox.com/media/85625_m1.jpg" class="lazy" alt="Cereal Bar Chocolate Milk Sarialis Gluten Free Bicentury" width="160"></a><div class="islet"><hgroup class="product-item__title"><h4 class="product-item__brand micro | push-half--bottom"><a href="/en/brand/bicentury/1333" title="See more products from Bicentury" class="js-pjax">
                        Bicentury
                    </a></h4><h3 class="product-item__name zeta face-normal | flush--bottom"><a href="/en/product/barrita-de-cereales-chocolate-con-leche-sarialis-sin-gluten-bicentury/38455" title="Buy Cereal Bar Chocolate Milk Sarialis Gluten Free Bicentury" class="js-article-link | js-pjax">
                        Cereal Bar Chocolate Milk Sarialis Gluten …
                    </a><span class="product-item__info weak-text-color"><small class="product-item__units nano">78 gr</small><small class="product-item__ppu nano"> | €35.26 / kg.</small></span></h3></hgroup></div><div class="flexbox | soft-half--sides"><div class="flexbox__item"></div><div class="flexbox__item | text--right"><div class="dropdown | dropdown__menu--right | js-dropdown-toggle" data-json='{"followMouse": true, "target": "#product_dropdown", "noClose": true}'><a class="dropdown__toggle | nano | nauru flush--bottom | is-hidden-if-no-js js-show-customer-lists" href="/en/account/lists/" ><i class="icon icon--plus"></i> Add to list
                    </a></div></div></div></div><div class="product-item__shop product-grid__footer | islet "><form class="float--right" action="/en/cart/product/38455" method="post"><span class="product-grid-footer__price"><strong class="product-item__price"><span class="delta">2</span><span class="milli">,75 €</span></strong></span><span class="product-grid-footer__buttons"><button class="btn btn--small btn--remove-circle | is-hidden | js-remove-from-cart "></button><button type="submit" class="btn btn--shop btn--shop-mobile-circle js-add-to-cart |  " data-can-buy-classes="btn--shop btn--shop-mobile-circle" data-can-buy-text="Add" data-can-not-buy-text="More info"
                        data-has-promo="0"><span class="btn--shop__text js-btn-text">Add</span></button></span></form></div></article></div><div class="grid__item m-one-whole t-one-third d-one-third dw-one-quarter | js-product-grid-grid"><article class="js-product-item js-article |  product-item product-item--grid | js-product-container js-article js-article-16749 product-item--grid margin-trailer-1"
     id="product-16749"
     data-product-name="Traditional Mayonnaise Ybarra without Gluten"
     data-product-id="16749"
     data-price="1.56"
     data-position="6"
     data-product-brand="Ybarra"
     data-list-type="Campaign Listing"
     ><div class="product-item__main"><div class="in-cart-quantity | js-in-cart-quantity is-hidden"></div><div class="product-item__offer"></div><div class="badge-container"></div><a class="product-item__image nauru js-pjax js-article-link" href="/en/product/mayonesa-tradicional-ybarra-sin-gluten/16749" title="Buy Traditional Mayonnaise Ybarra without Gluten"><img src="/img/pixel.png" data-src="https://static.ulabox.com/media/85405_m1.jpg" class="lazy" alt="Traditional Mayonnaise Ybarra without Gluten" width="160"></a><div class="islet"><hgroup class="product-item__title"><h4 class="product-item__brand micro | push-half--bottom"><a href="/en/brand/ybarra/1800" title="See more products from Ybarra" class="js-pjax">
                        Ybarra
                    </a></h4><h3 class="product-item__name zeta face-normal | flush--bottom"><a href="/en/product/mayonesa-tradicional-ybarra-sin-gluten/16749" title="Buy Traditional Mayonnaise Ybarra without Gluten" class="js-article-link | js-pjax">
                        Traditional Mayonnaise Ybarra without Gluten
                    </a><span class="product-item__info weak-text-color"><small class="product-item__units nano">450 ml</small><small class="product-item__ppu nano"> | €3.47 / l.</small></span></h3></hgroup></div><div class="flexbox | soft-half--sides"><div class="flexbox__item"></div><div class="flexbox__item | text--right"><div class="dropdown | dropdown__menu--right | js-dropdown-toggle" data-json='{"followMouse": true, "target": "#product_dropdown", "noClose": true}'><a class="dropdown__toggle | nano | nauru flush--bottom | is-hidden-if-no-js js-show-customer-lists" href="/en/account/lists/" ><i class="icon icon--plus"></i> Add to list
                    </a></div></div></div></div><div class="product-item__shop product-grid__footer | islet product-item__shop--twolines"><form class="float--right" action="/en/cart/product/16749" method="post"><span class="product-grid-footer__price"><del class="product-item__price product-item__price--old product-grid-footer__price--old nano | flush--bottom">€1.68</del><strong class="product-item__price product-item__price--new product-grid-footer__price--new brand-color"><span class="delta">1</span><span class="milli">,56 €</span></strong></span><span class="product-grid-footer__buttons"><button class="btn btn--small btn--remove-circle | is-hidden | js-remove-from-cart "></button><button type="submit" class="btn btn--shop btn--shop-mobile-circle js-add-to-cart |  " data-can-buy-classes="btn--shop btn--shop-mobile-circle" data-can-buy-text="Add" data-can-not-buy-text="More info"
                        data-has-promo="0"><span class="btn--shop__text js-btn-text">Add</span></button></span></form></div></article></div><div class="grid__item m-one-whole t-one-third d-one-third dw-one-quarter | js-product-grid-grid"><article class="js-product-item js-article |  product-item product-item--grid | js-product-container js-article js-article-26782 product-item--grid margin-trailer-1"
     id="product-26782"
     data-product-name="Seed Bread Without Gluten Gerblé"
     data-product-id="26782"
     data-price="4.05"
     data-position="7"
     data-product-brand="Gerblé"
     data-list-type="Campaign Listing"
     ><div class="product-item__main"><div class="in-cart-quantity | js-in-cart-quantity is-hidden"></div><div class="product-item__offer"></div><div class="badge-container"></div><a class="product-item__image nauru js-pjax js-article-link" href="/en/product/pan-de-semillas-sin-gluten-gerble/26782" title="Buy Seed Bread Without Gluten Gerblé"><img src="/img/pixel.png" data-src="https://static.ulabox.com/media/54375_m1.jpg" class="lazy" alt="Seed Bread Without Gluten Gerblé" width="160"></a><div class="islet"><hgroup class="product-item__title"><h4 class="product-item__brand micro | push-half--bottom"><a href="/en/brand/gerble/1325" title="See more products from Gerblé" class="js-pjax">
                        Gerblé
                    </a></h4><h3 class="product-item__name zeta face-normal | flush--bottom"><a href="/en/product/pan-de-semillas-sin-gluten-gerble/26782" title="Buy Seed Bread Without Gluten Gerblé" class="js-article-link | js-pjax">
                        Seed Bread Without Gluten Gerblé
                    </a><span class="product-item__info weak-text-color"><small class="product-item__units nano">400 gr</small><small class="product-item__ppu nano"> | €10.13 / kg.</small></span></h3></hgroup></div><div class="flexbox | soft-half--sides"><div class="flexbox__item"></div><div class="flexbox__item | text--right"><div class="dropdown | dropdown__menu--right | js-dropdown-toggle" data-json='{"followMouse": true, "target": "#product_dropdown", "noClose": true}'><a class="dropdown__toggle | nano | nauru flush--bottom | is-hidden-if-no-js js-show-customer-lists" href="/en/account/lists/" ><i class="icon icon--plus"></i> Add to list
                    </a></div></div></div></div><div class="product-item__shop product-grid__footer | islet "><form class="float--right" action="/en/cart/product/26782" method="post"><span class="product-grid-footer__price"><strong class="product-item__price"><span class="delta">4</span><span class="milli">,05 €</span></strong></span><span class="product-grid-footer__buttons"><button class="btn btn--small btn--remove-circle | is-hidden | js-remove-from-cart "></button><button type="submit" class="btn btn--shop btn--shop-mobile-circle js-add-to-cart |  " data-can-buy-classes="btn--shop btn--shop-mobile-circle" data-can-buy-text="Add" data-can-not-buy-text="More info"
                        data-has-promo="0"><span class="btn--shop__text js-btn-text">Add</span></button></span></form></div></article></div><div class="grid__item m-one-whole t-one-third d-one-third dw-one-quarter | js-product-grid-grid"><article class="js-product-item js-article |  product-item product-item--grid | js-product-container js-article js-article-44952 product-item--grid margin-trailer-1"
     id="product-44952"
     data-product-name="Ice Cream Cornetto Soy Gluten Free 4 pcs"
     data-product-id="44952"
     data-price="4.39"
     data-position="8"
     data-product-brand="Cornetto"
     data-list-type="Campaign Listing"
     ><div class="product-item__main"><div class="in-cart-quantity | js-in-cart-quantity is-hidden"></div><div class="product-item__offer"></div><div class="badge-container"><a href="/fabricante/unilever/1?ula_src=front_campaign_show&amp;ula_mdm=badge" title=""><div class="badge badge--small badge--default"><div class="badge__text"><span>Gift</span></div></div></a></div><a class="product-item__image nauru js-pjax js-article-link" href="/en/product/helado-soja-cornetto-sin-gluten-4-uds/44952" title="Buy Ice Cream Cornetto Soy Gluten Free 4 pcs"><img src="/img/pixel.png" data-src="https://static.ulabox.com/media/104384_m1.jpg" class="lazy" alt="Ice Cream Cornetto Soy Gluten Free 4 pcs" width="160"></a><div class="islet"><hgroup class="product-item__title"><h4 class="product-item__brand micro | push-half--bottom"><a href="/en/brand/cornetto/3136" title="See more products from Cornetto" class="js-pjax">
                        Cornetto
                    </a></h4><h3 class="product-item__name zeta face-normal | flush--bottom"><a href="/en/product/helado-soja-cornetto-sin-gluten-4-uds/44952" title="Buy Ice Cream Cornetto Soy Gluten Free 4 pcs" class="js-article-link | js-pjax">
                        Ice Cream Cornetto Soy Gluten Free 4 pcs
                    </a><span class="product-item__info weak-text-color"><small class="product-item__units nano">4 uds</small><small class="product-item__ppu nano"> | €1.10 / ud.</small></span></h3></hgroup></div><div class="flexbox | soft-half--sides"><div class="flexbox__item"><div class="star-rating star-rating--small"><div class="current-rating current-rating--5"><i class="star-rating__star"></i></div></div><a class="review-count-bubble review-count-bubble--compact | pico | flush--bottom push-half--left" href="/en/product/helado-soja-cornetto-sin-gluten-4-uds/44952#reviews" title="See review on Ice Cream Cornetto Soy Gluten Free 4 pcs">1</a></div><div class="flexbox__item | text--right"><div class="dropdown | dropdown__menu--right | js-dropdown-toggle" data-json='{"followMouse": true, "target": "#product_dropdown", "noClose": true}'><a class="dropdown__toggle | nano | nauru flush--bottom | is-hidden-if-no-js js-show-customer-lists" href="/en/account/lists/" ><i class="icon icon--plus"></i> Add to list
                    </a></div></div></div></div><div class="product-item__shop product-grid__footer | islet "><form class="float--right" action="/en/cart/product/44952" method="post"><span class="product-grid-footer__price"><strong class="product-item__price"><span class="delta">4</span><span class="milli">,39 €</span></strong></span><span class="product-grid-footer__buttons"><button class="btn btn--small btn--remove-circle | is-hidden | js-remove-from-cart js-logistic-product"></button><button type="submit" class="btn btn--shop btn--shop-mobile-circle js-add-to-cart | js-logistic-product " data-can-buy-classes="btn--shop btn--shop-mobile-circle" data-can-buy-text="Add" data-can-not-buy-text="More info"
                        data-has-promo="0"><span class="btn--shop__text js-btn-text">Add</span></button></span></form></div></article></div></div></div></div><form class="js-add-to-list" autocomplete="off" action="/en/account/lists/product/new" method="post"><div class="dropdown | js-dropdown" id="product_dropdown"><a class="dropdown__toggle | js-dropdown-toggle" href="" title=""></a><div class="dropdown__menu | container-lifted | dropdown__menu--medium | dropdown__menu--right | js-dropdown-menu"><div class="milli | flush--bottom"><div class="flexbox | facet-header | container-dark | border--bottom"><strong class="flexbox__item | base-line-height | milli">
        My lists
    </strong></div><div class="js-dropdown-ajax-content"><div class="islet"><!--googleoff: all--><div class="js-customer-list-container"><div class="text--center"><span class="face-bold weak-text-color islet">In order to create lists and save products you must enter your account</span><a class="push-half--ends btn btn--primary js-pjax" href="/en/enter?back=/en/campaign/productos-sin-gluten">Access your account</a></div></div><!--googleon: all--></div><div class="is-hidden js-lists-error"><div class="alert--error | micro | "><div class="media"><div class="media__body"><i class="icon icon--info"></i>
            
                        
                                                            Sorry, we could not load your lists. Try again in a moment. 
                                    </div></div></div></div></div></div></div></div></form><header class="container-white | islet | flexbox | border--bottom" id="bakery-pastry"><a class="flexbox__item | js-pjax" href="/en/campaign/productos-sin-gluten/cat=1527"><h2 class="brand-face | epsilon |  base-line-height | flush--bottom | text--left">Bakery &amp; Pastry</h2></a><a class="btn btn--tiny btn--inset | flexbox__item | float--right | js-pjax"  href="/en/campaign/productos-sin-gluten/cat=1527">
            See all&nbsp;<i class="icon icon--caret-right"></i></a></header><div id="product-list" class="js-product-list | container-light | border--bottom | clear-fix"><div class="container-light | t-island d-island dw-island"><div class="grid"><div class="grid__item m-one-whole t-one-third d-one-third dw-one-quarter | js-product-grid-grid"><article class="js-product-item js-article |  product-item product-item--grid | js-product-container js-article js-article-43965 product-item--grid margin-trailer-1"
     id="product-43965"
     data-product-name="Ciabatta Rústica without Gluten Proceli"
     data-product-id="43965"
     data-price="1.59"
     data-position="1"
     data-product-brand="Proceli"
     data-list-type="Campaign Listing"
     ><div class="product-item__main"><div class="in-cart-quantity | js-in-cart-quantity is-hidden"></div><strong class="product-item__offer brand-color micro ellipsis-fadeout | islet flush--bottom | m-hide">¡Bajamos el precio!</strong><div class="badge-container"></div><a class="product-item__image nauru js-pjax js-article-link" href="/en/product/ciabatta-rustica-sin-gluten-proceli/43965" title="Buy Ciabatta Rústica without Gluten Proceli"><img src="/img/pixel.png" data-src="https://static.ulabox.com/media/130975_m1.jpg" class="lazy" alt="Ciabatta Rústica without Gluten Proceli" width="160"></a><div class="islet"><hgroup class="product-item__title"><h4 class="product-item__brand micro | push-half--bottom"><a href="/en/brand/proceli/1805" title="See more products from Proceli" class="js-pjax">
                        Proceli
                    </a></h4><h3 class="product-item__name zeta face-normal | flush--bottom"><a href="/en/product/ciabatta-rustica-sin-gluten-proceli/43965" title="Buy Ciabatta Rústica without Gluten Proceli" class="js-article-link | js-pjax">
                        Ciabatta Rústica without Gluten Proceli
                    </a><span class="product-item__info weak-text-color"><small class="product-item__units nano">120 gr</small><small class="product-item__ppu nano"> | €13.25 / kg.</small></span></h3></hgroup></div><div class="flexbox | soft-half--sides"><div class="flexbox__item"></div><div class="flexbox__item | text--right"><div class="dropdown | dropdown__menu--right | js-dropdown-toggle" data-json='{"followMouse": true, "target": "#product_dropdown", "noClose": true}'><a class="dropdown__toggle | nano | nauru flush--bottom | is-hidden-if-no-js js-show-customer-lists" href="/en/account/lists/" ><i class="icon icon--plus"></i> Add to list
                    </a></div></div></div></div><div class="product-item__shop product-grid__footer | islet product-item__shop--twolines"><form class="float--right" action="/en/cart/product/43965" method="post"><span class="product-grid-footer__price"><del class="product-item__price product-item__price--old product-grid-footer__price--old nano | flush--bottom">€1.89</del><strong class="product-item__price product-item__price--new product-grid-footer__price--new brand-color"><span class="delta">1</span><span class="milli">,59 €</span></strong></span><span class="product-grid-footer__buttons"><button class="btn btn--small btn--remove-circle | is-hidden | js-remove-from-cart "></button><button type="submit" class="btn btn--shop btn--shop-mobile-circle js-add-to-cart |  " data-can-buy-classes="btn--shop btn--shop-mobile-circle" data-can-buy-text="Add" data-can-not-buy-text="More info"
                        data-has-promo="0"><span class="btn--shop__text js-btn-text">Add</span></button></span></form></div></article></div><div class="grid__item m-one-whole t-one-third d-one-third dw-one-quarter | js-product-grid-grid"><article class="js-product-item js-article |  product-item product-item--grid | js-product-container js-article js-article-43115 product-item--grid margin-trailer-1"
     id="product-43115"
     data-product-name="Collines without Gluten Proceli"
     data-product-id="43115"
     data-price="2.65"
     data-position="2"
     data-product-brand="Proceli"
     data-list-type="Campaign Listing"
     ><div class="product-item__main"><div class="in-cart-quantity | js-in-cart-quantity is-hidden"></div><div class="product-item__offer"></div><div class="badge-container"></div><a class="product-item__image nauru js-pjax js-article-link" href="/en/product/colines-sin-gluten-proceli-150gr/43115" title="Buy Collines without Gluten Proceli"><img src="/img/pixel.png" data-src="https://static.ulabox.com/media/130981_m1.jpg" class="lazy" alt="Collines without Gluten Proceli" width="160"></a><div class="islet"><hgroup class="product-item__title"><h4 class="product-item__brand micro | push-half--bottom"><a href="/en/brand/proceli/1805" title="See more products from Proceli" class="js-pjax">
                        Proceli
                    </a></h4><h3 class="product-item__name zeta face-normal | flush--bottom"><a href="/en/product/colines-sin-gluten-proceli-150gr/43115" title="Buy Collines without Gluten Proceli" class="js-article-link | js-pjax">
                        Collines without Gluten Proceli
                    </a><span class="product-item__info weak-text-color"><small class="product-item__units nano">150 gr</small><small class="product-item__ppu nano"> | €17.67 / kg.</small></span></h3></hgroup></div><div class="flexbox | soft-half--sides"><div class="flexbox__item"></div><div class="flexbox__item | text--right"><div class="dropdown | dropdown__menu--right | js-dropdown-toggle" data-json='{"followMouse": true, "target": "#product_dropdown", "noClose": true}'><a class="dropdown__toggle | nano | nauru flush--bottom | is-hidden-if-no-js js-show-customer-lists" href="/en/account/lists/" ><i class="icon icon--plus"></i> Add to list
                    </a></div></div></div></div><div class="product-item__shop product-grid__footer | islet "><form class="float--right" action="/en/cart/product/43115" method="post"><span class="product-grid-footer__price"><strong class="product-item__price"><span class="delta">2</span><span class="milli">,65 €</span></strong></span><span class="product-grid-footer__buttons"><button class="btn btn--small btn--remove-circle | is-hidden | js-remove-from-cart "></button><button type="submit" class="btn btn--shop btn--shop-mobile-circle js-add-to-cart |  " data-can-buy-classes="btn--shop btn--shop-mobile-circle" data-can-buy-text="Add" data-can-not-buy-text="More info"
                        data-has-promo="0"><span class="btn--shop__text js-btn-text">Add</span></button></span></form></div></article></div><div class="grid__item m-one-whole t-one-third d-one-third dw-one-quarter | js-product-grid-grid"><article class="js-product-item js-article |  product-item product-item--grid | js-product-container js-article js-article-26020 product-item--grid margin-trailer-1"
     id="product-26020"
     data-product-name="Gluten Free Cereals Bread from Master Panettiere Schär"
     data-product-id="26020"
     data-price="3.29"
     data-position="3"
     data-product-brand="Schär"
     data-list-type="Campaign Listing"
     ><div class="product-item__main"><div class="in-cart-quantity | js-in-cart-quantity is-hidden"></div><div class="product-item__offer"></div><div class="badge-container"></div><a class="product-item__image nauru js-pjax js-article-link" href="/en/product/pan-cereales-sin-gluten-schaer/26020" title="Buy Gluten Free Cereals Bread from Master Panettiere Schär"><img src="/img/pixel.png" data-src="https://static.ulabox.com/media/89455_m1.jpg" class="lazy" alt="Gluten Free Cereals Bread from Master Panettiere Schär" width="160"></a><div class="islet"><hgroup class="product-item__title"><h4 class="product-item__brand micro | push-half--bottom"><a href="/en/brand/schaer/1742" title="See more products from Schär" class="js-pjax">
                        Schär
                    </a></h4><h3 class="product-item__name zeta face-normal | flush--bottom"><a href="/en/product/pan-cereales-sin-gluten-schaer/26020" title="Buy Gluten Free Cereals Bread from Master Panettiere Schär" class="js-article-link | js-pjax">
                        Gluten Free Cereals Bread from Master Panettiere …
                    </a><span class="product-item__info weak-text-color"><small class="product-item__units nano">300 gr</small><small class="product-item__ppu nano"> | €10.97 / kg.</small></span></h3></hgroup></div><div class="flexbox | soft-half--sides"><div class="flexbox__item"><div class="star-rating star-rating--small"><div class="current-rating current-rating--5"><i class="star-rating__star"></i></div></div></div><div class="flexbox__item | text--right"><div class="dropdown | dropdown__menu--right | js-dropdown-toggle" data-json='{"followMouse": true, "target": "#product_dropdown", "noClose": true}'><a class="dropdown__toggle | nano | nauru flush--bottom | is-hidden-if-no-js js-show-customer-lists" href="/en/account/lists/" ><i class="icon icon--plus"></i> Add to list
                    </a></div></div></div></div><div class="product-item__shop product-grid__footer | islet "><form class="float--right" action="/en/cart/product/26020" method="post"><span class="product-grid-footer__price"><strong class="product-item__price"><span class="delta">3</span><span class="milli">,29 €</span></strong></span><span class="product-grid-footer__buttons"><button class="btn btn--small btn--remove-circle | is-hidden | js-remove-from-cart "></button><button type="submit" class="btn btn--shop btn--shop-mobile-circle js-add-to-cart |  " data-can-buy-classes="btn--shop btn--shop-mobile-circle" data-can-buy-text="Add" data-can-not-buy-text="More info"
                        data-has-promo="0"><span class="btn--shop__text js-btn-text">Add</span></button></span></form></div></article></div><div class="grid__item m-one-whole t-one-third d-one-third dw-one-quarter | js-product-grid-grid"><article class="js-product-item js-article |  product-item product-item--grid | js-product-container js-article js-article-11989 product-item--grid margin-trailer-1"
     id="product-11989"
     data-product-name="Grissini without Gluten Schär"
     data-product-id="11989"
     data-price="3.39"
     data-position="4"
     data-product-brand="Schär"
     data-list-type="Campaign Listing"
     ><div class="product-item__main"><div class="in-cart-quantity | js-in-cart-quantity is-hidden"></div><div class="product-item__offer"></div><div class="badge-container"></div><a class="product-item__image nauru js-pjax js-article-link" href="/en/product/grissini-sin-gluten-schaer/11989" title="Buy Grissini without Gluten Schär"><img src="/img/pixel.png" data-src="https://static.ulabox.com/media/64559_m1.jpg" class="lazy" alt="Grissini without Gluten Schär" width="160"></a><div class="islet"><hgroup class="product-item__title"><h4 class="product-item__brand micro | push-half--bottom"><a href="/en/brand/schaer/1742" title="See more products from Schär" class="js-pjax">
                        Schär
                    </a></h4><h3 class="product-item__name zeta face-normal | flush--bottom"><a href="/en/product/grissini-sin-gluten-schaer/11989" title="Buy Grissini without Gluten Schär" class="js-article-link | js-pjax">
                        Grissini without Gluten Schär
                    </a><span class="product-item__info weak-text-color"><small class="product-item__units nano">150 gr</small><small class="product-item__ppu nano"> | €22.60 / kg.</small></span></h3></hgroup></div><div class="flexbox | soft-half--sides"><div class="flexbox__item"><div class="star-rating star-rating--small"><div class="current-rating current-rating--5"><i class="star-rating__star"></i></div></div></div><div class="flexbox__item | text--right"><div class="dropdown | dropdown__menu--right | js-dropdown-toggle" data-json='{"followMouse": true, "target": "#product_dropdown", "noClose": true}'><a class="dropdown__toggle | nano | nauru flush--bottom | is-hidden-if-no-js js-show-customer-lists" href="/en/account/lists/" ><i class="icon icon--plus"></i> Add to list
                    </a></div></div></div></div><div class="product-item__shop product-grid__footer | islet "><form class="float--right" action="/en/cart/product/11989" method="post"><span class="product-grid-footer__price"><strong class="product-item__price"><span class="delta">3</span><span class="milli">,39 €</span></strong></span><span class="product-grid-footer__buttons"><button class="btn btn--small btn--remove-circle | is-hidden | js-remove-from-cart "></button><button type="submit" class="btn btn--shop btn--shop-mobile-circle js-add-to-cart |  " data-can-buy-classes="btn--shop btn--shop-mobile-circle" data-can-buy-text="Add" data-can-not-buy-text="More info"
                        data-has-promo="0"><span class="btn--shop__text js-btn-text">Add</span></button></span></form></div></article></div><div class="grid__item m-one-whole t-one-third d-one-third dw-one-quarter | js-product-grid-grid"><article class="js-product-item js-article |  product-item product-item--grid | js-product-container js-article js-article-12700 product-item--grid margin-trailer-1"
     id="product-12700"
     data-product-name="Bread Come Baguette without Gluten ProCeli (2 units)"
     data-product-id="12700"
     data-price="3.09"
     data-position="5"
     data-product-brand="Proceli"
     data-list-type="Campaign Listing"
     ><div class="product-item__main"><div class="in-cart-quantity | js-in-cart-quantity is-hidden"></div><div class="product-item__offer"></div><div class="badge-container"></div><a class="product-item__image nauru js-pjax js-article-link" href="/en/product/pan-vienes-baguette-sin-gluten-proceli-2-unidades/12700" title="Buy Bread Come Baguette without Gluten ProCeli (2 units)"><img src="/img/pixel.png" data-src="https://static.ulabox.com/media/84744_m1.jpg" class="lazy" alt="Bread Come Baguette without Gluten ProCeli (2 units)" width="160"></a><div class="islet"><hgroup class="product-item__title"><h4 class="product-item__brand micro | push-half--bottom"><a href="/en/brand/proceli/1805" title="See more products from Proceli" class="js-pjax">
                        Proceli
                    </a></h4><h3 class="product-item__name zeta face-normal | flush--bottom"><a href="/en/product/pan-vienes-baguette-sin-gluten-proceli-2-unidades/12700" title="Buy Bread Come Baguette without Gluten ProCeli (2 units)" class="js-article-link | js-pjax">
                        Bread Come Baguette without Gluten ProCeli …
                    </a><span class="product-item__info weak-text-color"><small class="product-item__units nano">250 gr</small><small class="product-item__ppu nano"> | €12.36 / kg.</small></span></h3></hgroup></div><div class="flexbox | soft-half--sides"><div class="flexbox__item"><div class="star-rating star-rating--small"><div class="current-rating current-rating--4"><i class="star-rating__star"></i></div></div></div><div class="flexbox__item | text--right"><div class="dropdown | dropdown__menu--right | js-dropdown-toggle" data-json='{"followMouse": true, "target": "#product_dropdown", "noClose": true}'><a class="dropdown__toggle | nano | nauru flush--bottom | is-hidden-if-no-js js-show-customer-lists" href="/en/account/lists/" ><i class="icon icon--plus"></i> Add to list
                    </a></div></div></div></div><div class="product-item__shop product-grid__footer | islet "><form class="float--right" action="/en/cart/product/12700" method="post"><span class="product-grid-footer__price"><strong class="product-item__price"><span class="delta">3</span><span class="milli">,09 €</span></strong></span><span class="product-grid-footer__buttons"><button class="btn btn--small btn--remove-circle | is-hidden | js-remove-from-cart "></button><button type="submit" class="btn btn--shop btn--shop-mobile-circle js-add-to-cart |  " data-can-buy-classes="btn--shop btn--shop-mobile-circle" data-can-buy-text="Add" data-can-not-buy-text="More info"
                        data-has-promo="0"><span class="btn--shop__text js-btn-text">Add</span></button></span></form></div></article></div><div class="grid__item m-one-whole t-one-third d-one-third dw-one-quarter | js-product-grid-grid"><article class="js-product-item js-article |  product-item product-item--grid | js-product-container js-article js-article-33118 product-item--grid margin-trailer-1"
     id="product-33118"
     data-product-name="Cocoa Muffin without Gluten and Allergens Muuglu"
     data-product-id="33118"
     data-price="1.39"
     data-position="6"
     data-product-brand="Muuglu"
     data-list-type="Campaign Listing"
     ><div class="product-item__main"><div class="in-cart-quantity | js-in-cart-quantity is-hidden"></div><div class="product-item__offer"></div><div class="badge-container"></div><a class="product-item__image nauru js-pjax js-article-link" href="/en/product/muffin-cacao-sin-gluten-y-alergenos-muuglu/33118" title="Buy Cocoa Muffin without Gluten and Allergens Muuglu"><img src="/img/pixel.png" data-src="https://static.ulabox.com/media/128393_m1.jpg" class="lazy" alt="Cocoa Muffin without Gluten and Allergens Muuglu" width="160"></a><div class="islet"><hgroup class="product-item__title"><h4 class="product-item__brand micro | push-half--bottom"><a href="/en/brand/muuglu/3732" title="See more products from Muuglu" class="js-pjax">
                        Muuglu
                    </a></h4><h3 class="product-item__name zeta face-normal | flush--bottom"><a href="/en/product/muffin-cacao-sin-gluten-y-alergenos-muuglu/33118" title="Buy Cocoa Muffin without Gluten and Allergens Muuglu" class="js-article-link | js-pjax">
                        Cocoa Muffin without Gluten and Allergens …
                    </a><span class="product-item__info weak-text-color"><small class="product-item__units nano">120 gr</small><small class="product-item__ppu nano"> | €11.58 / kg.</small></span></h3></hgroup></div><div class="flexbox | soft-half--sides"><div class="flexbox__item"><div class="star-rating star-rating--small"><div class="current-rating current-rating--5"><i class="star-rating__star"></i></div></div></div><div class="flexbox__item | text--right"><div class="dropdown | dropdown__menu--right | js-dropdown-toggle" data-json='{"followMouse": true, "target": "#product_dropdown", "noClose": true}'><a class="dropdown__toggle | nano | nauru flush--bottom | is-hidden-if-no-js js-show-customer-lists" href="/en/account/lists/" ><i class="icon icon--plus"></i> Add to list
                    </a></div></div></div></div><div class="product-item__shop product-grid__footer | islet "><form class="float--right" action="/en/cart/product/33118" method="post"><span class="product-grid-footer__price"><strong class="product-item__price"><span class="delta">1</span><span class="milli">,39 €</span></strong></span><span class="product-grid-footer__buttons"><button class="btn btn--small btn--remove-circle | is-hidden | js-remove-from-cart "></button><button type="submit" class="btn btn--shop btn--shop-mobile-circle js-add-to-cart |  " data-can-buy-classes="btn--shop btn--shop-mobile-circle" data-can-buy-text="Add" data-can-not-buy-text="More info"
                        data-has-promo="0"><span class="btn--shop__text js-btn-text">Add</span></button></span></form></div></article></div><div class="grid__item m-one-whole t-one-third d-one-third dw-one-quarter | js-product-grid-grid"><article class="js-product-item js-article |  product-item product-item--grid | js-product-container js-article js-article-45368 product-item--grid margin-trailer-1"
     id="product-45368"
     data-product-name="Vanilla Muffins with Choco Chips Gluten Free Airos 4 Airos"
     data-product-id="45368"
     data-price="3.29"
     data-position="7"
     data-product-brand="Airos"
     data-list-type="Campaign Listing"
     ><div class="product-item__main"><div class="in-cart-quantity | js-in-cart-quantity is-hidden"></div><div class="product-item__offer"></div><div class="badge-container"></div><a class="product-item__image nauru js-pjax js-article-link" href="/en/product/muffins-de-vainilla-con-choco-chips-sin-gluten-airos-4-uds/45368" title="Buy Vanilla Muffins with Choco Chips Gluten Free Airos 4 Airos"><img src="/img/pixel.png" data-src="https://static.ulabox.com/media/106435_m1.jpg" class="lazy" alt="Vanilla Muffins with Choco Chips Gluten Free Airos 4 Airos" width="160"></a><div class="islet"><hgroup class="product-item__title"><h4 class="product-item__brand micro | push-half--bottom"><a href="/en/brand/airos/3255" title="See more products from Airos" class="js-pjax">
                        Airos
                    </a></h4><h3 class="product-item__name zeta face-normal | flush--bottom"><a href="/en/product/muffins-de-vainilla-con-choco-chips-sin-gluten-airos-4-uds/45368" title="Buy Vanilla Muffins with Choco Chips Gluten Free Airos 4 Airos" class="js-article-link | js-pjax">
                        Vanilla Muffins with Choco Chips Gluten Free …
                    </a><span class="product-item__info weak-text-color"><small class="product-item__units nano">240 gr</small><small class="product-item__ppu nano"> | €13.71 / kg.</small></span></h3></hgroup></div><div class="flexbox | soft-half--sides"><div class="flexbox__item"></div><div class="flexbox__item | text--right"><div class="dropdown | dropdown__menu--right | js-dropdown-toggle" data-json='{"followMouse": true, "target": "#product_dropdown", "noClose": true}'><a class="dropdown__toggle | nano | nauru flush--bottom | is-hidden-if-no-js js-show-customer-lists" href="/en/account/lists/" ><i class="icon icon--plus"></i> Add to list
                    </a></div></div></div></div><div class="product-item__shop product-grid__footer | islet "><form class="float--right" action="/en/cart/product/45368" method="post"><span class="product-grid-footer__price"><strong class="product-item__price"><span class="delta">3</span><span class="milli">,29 €</span></strong></span><span class="product-grid-footer__buttons"><button class="btn btn--small btn--remove-circle | is-hidden | js-remove-from-cart "></button><button type="submit" class="btn btn--shop btn--shop-mobile-circle js-add-to-cart |  " data-can-buy-classes="btn--shop btn--shop-mobile-circle" data-can-buy-text="Add" data-can-not-buy-text="More info"
                        data-has-promo="0"><span class="btn--shop__text js-btn-text">Add</span></button></span></form></div></article></div><div class="grid__item m-one-whole t-one-third d-one-third dw-one-quarter | js-product-grid-grid"><article class="js-product-item js-article |  product-item product-item--grid | js-product-container js-article js-article-41270 product-item--grid margin-trailer-1"
     id="product-41270"
     data-product-name="Waffle without Gluten Try Delice"
     data-product-id="41270"
     data-price="4.2"
     data-position="8"
     data-product-brand="Try Delice"
     data-list-type="Campaign Listing"
     ><div class="product-item__main"><div class="in-cart-quantity | js-in-cart-quantity is-hidden"></div><div class="product-item__offer"></div><div class="badge-container"></div><a class="product-item__image nauru js-pjax js-article-link" href="/en/product/gofre-sin-gluten-try-delice/41270" title="Buy Waffle without Gluten Try Delice"><img src="/img/pixel.png" data-src="https://static.ulabox.com/media/92744_m1.jpg" class="lazy" alt="Waffle without Gluten Try Delice" width="160"></a><div class="islet"><hgroup class="product-item__title"><h4 class="product-item__brand micro | push-half--bottom"><a href="/en/brand/try-delice/4360" title="See more products from Try Delice" class="js-pjax">
                        Try Delice
                    </a></h4><h3 class="product-item__name zeta face-normal | flush--bottom"><a href="/en/product/gofre-sin-gluten-try-delice/41270" title="Buy Waffle without Gluten Try Delice" class="js-article-link | js-pjax">
                        Waffle without Gluten Try Delice
                    </a><span class="product-item__info weak-text-color"><small class="product-item__units nano">100 gr</small><small class="product-item__ppu nano"> | €42.00 / kg.</small></span></h3></hgroup></div><div class="flexbox | soft-half--sides"><div class="flexbox__item"></div><div class="flexbox__item | text--right"><div class="dropdown | dropdown__menu--right | js-dropdown-toggle" data-json='{"followMouse": true, "target": "#product_dropdown", "noClose": true}'><a class="dropdown__toggle | nano | nauru flush--bottom | is-hidden-if-no-js js-show-customer-lists" href="/en/account/lists/" ><i class="icon icon--plus"></i> Add to list
                    </a></div></div></div></div><div class="product-item__shop product-grid__footer | islet "><form class="float--right" action="/en/cart/product/41270" method="post"><span class="product-grid-footer__price"><strong class="product-item__price"><span class="delta">4</span><span class="milli">,20 €</span></strong></span><span class="product-grid-footer__buttons"><button class="btn btn--small btn--remove-circle | is-hidden | js-remove-from-cart "></button><button type="submit" class="btn btn--shop btn--shop-mobile-circle js-add-to-cart |  " data-can-buy-classes="btn--shop btn--shop-mobile-circle" data-can-buy-text="Add" data-can-not-buy-text="More info"
                        data-has-promo="0"><span class="btn--shop__text js-btn-text">Add</span></button></span></form></div></article></div><div class="grid__item m-one-whole t-one-third d-one-third dw-one-quarter | js-product-grid-grid"><article class="js-product-item js-article |  product-item product-item--grid | js-product-container js-article js-article-39632 product-item--grid margin-trailer-1"
     id="product-39632"
     data-product-name="Santa Rita Flour Breadcrumbs without Gluten"
     data-product-id="39632"
     data-price="2.34"
     data-position="9"
     data-product-brand="Santa Rita"
     data-list-type="Campaign Listing"
     ><div class="product-item__main"><div class="in-cart-quantity | js-in-cart-quantity is-hidden"></div><div class="product-item__offer"></div><div class="badge-container"></div><a class="product-item__image nauru js-pjax js-article-link" href="/en/product/santa-rita-harina-pan-rallado-sin-gluten/39632" title="Buy Santa Rita Flour Breadcrumbs without Gluten"><img src="/img/pixel.png" data-src="https://static.ulabox.com/media/87908_m1.jpg" class="lazy" alt="Santa Rita Flour Breadcrumbs without Gluten" width="160"></a><div class="islet"><hgroup class="product-item__title"><h4 class="product-item__brand micro | push-half--bottom"><a href="/en/brand/santa-rita/972" title="See more products from Santa Rita" class="js-pjax">
                        Santa Rita
                    </a></h4><h3 class="product-item__name zeta face-normal | flush--bottom"><a href="/en/product/santa-rita-harina-pan-rallado-sin-gluten/39632" title="Buy Santa Rita Flour Breadcrumbs without Gluten" class="js-article-link | js-pjax">
                        Santa Rita Flour Breadcrumbs without Gluten
                    </a><span class="product-item__info weak-text-color"><small class="product-item__units nano">250 gr</small><small class="product-item__ppu nano"> | €9.36 / kg.</small></span></h3></hgroup></div><div class="flexbox | soft-half--sides"><div class="flexbox__item"></div><div class="flexbox__item | text--right"><div class="dropdown | dropdown__menu--right | js-dropdown-toggle" data-json='{"followMouse": true, "target": "#product_dropdown", "noClose": true}'><a class="dropdown__toggle | nano | nauru flush--bottom | is-hidden-if-no-js js-show-customer-lists" href="/en/account/lists/" ><i class="icon icon--plus"></i> Add to list
                    </a></div></div></div></div><div class="product-item__shop product-grid__footer | islet "><form class="float--right" action="/en/cart/product/39632" method="post"><span class="product-grid-footer__price"><strong class="product-item__price"><span class="delta">2</span><span class="milli">,34 €</span></strong></span><span class="product-grid-footer__buttons"><button class="btn btn--small btn--remove-circle | is-hidden | js-remove-from-cart "></button><button type="submit" class="btn btn--shop btn--shop-mobile-circle js-add-to-cart |  " data-can-buy-classes="btn--shop btn--shop-mobile-circle" data-can-buy-text="Add" data-can-not-buy-text="More info"
                        data-has-promo="0"><span class="btn--shop__text js-btn-text">Add</span></button></span></form></div></article></div><div class="grid__item m-one-whole t-one-third d-one-third dw-one-quarter | js-product-grid-grid"><article class="js-product-item js-article |  product-item product-item--grid | js-product-container js-article js-article-27405 product-item--grid margin-trailer-1"
     id="product-27405"
     data-product-name="Gluten Free Palm Trees Airos"
     data-product-id="27405"
     data-price="3.69"
     data-position="10"
     data-product-brand="Airos"
     data-list-type="Campaign Listing"
     ><div class="product-item__main"><div class="in-cart-quantity | js-in-cart-quantity is-hidden"></div><div class="product-item__offer"></div><div class="badge-container"></div><a class="product-item__image nauru js-pjax js-article-link" href="/en/product/palmeras-sin-gluten-airos/27405" title="Buy Gluten Free Palm Trees Airos"><img src="/img/pixel.png" data-src="https://static.ulabox.com/media/106443_m1.jpg" class="lazy" alt="Gluten Free Palm Trees Airos" width="160"></a><div class="islet"><hgroup class="product-item__title"><h4 class="product-item__brand micro | push-half--bottom"><a href="/en/brand/airos/3255" title="See more products from Airos" class="js-pjax">
                        Airos
                    </a></h4><h3 class="product-item__name zeta face-normal | flush--bottom"><a href="/en/product/palmeras-sin-gluten-airos/27405" title="Buy Gluten Free Palm Trees Airos" class="js-article-link | js-pjax">
                        Gluten Free Palm Trees Airos
                    </a><span class="product-item__info weak-text-color"><small class="product-item__units nano">120 gr</small><small class="product-item__ppu nano"> | €30.75 / kg.</small></span></h3></hgroup></div><div class="flexbox | soft-half--sides"><div class="flexbox__item"></div><div class="flexbox__item | text--right"><div class="dropdown | dropdown__menu--right | js-dropdown-toggle" data-json='{"followMouse": true, "target": "#product_dropdown", "noClose": true}'><a class="dropdown__toggle | nano | nauru flush--bottom | is-hidden-if-no-js js-show-customer-lists" href="/en/account/lists/" ><i class="icon icon--plus"></i> Add to list
                    </a></div></div></div></div><div class="product-item__shop product-grid__footer | islet "><form class="float--right" action="/en/cart/product/27405" method="post"><span class="product-grid-footer__price"><strong class="product-item__price"><span class="delta">3</span><span class="milli">,69 €</span></strong></span><span class="product-grid-footer__buttons"><button class="btn btn--small btn--remove-circle | is-hidden | js-remove-from-cart "></button><button type="submit" class="btn btn--shop btn--shop-mobile-circle js-add-to-cart |  " data-can-buy-classes="btn--shop btn--shop-mobile-circle" data-can-buy-text="Add" data-can-not-buy-text="More info"
                        data-has-promo="0"><span class="btn--shop__text js-btn-text">Add</span></button></span></form></div></article></div><div class="grid__item m-one-whole t-one-third d-one-third dw-one-quarter | js-product-grid-grid"><article class="js-product-item js-article |  product-item product-item--grid | js-product-container js-article js-article-33123 product-item--grid margin-trailer-1"
     id="product-33123"
     data-product-name="Lemon Sponge Muuglu without Gluten and Allergens Muuglu"
     data-product-id="33123"
     data-price="1.39"
     data-position="11"
     data-product-brand="Muuglu"
     data-list-type="Campaign Listing"
     ><div class="product-item__main"><div class="in-cart-quantity | js-in-cart-quantity is-hidden"></div><div class="product-item__offer"></div><div class="badge-container"></div><a class="product-item__image nauru js-pjax js-article-link" href="/en/product/bizcocho-de-limon-sin-gluten-y-alergenos-muuglu/33123" title="Buy Lemon Sponge Muuglu without Gluten and Allergens Muuglu"><img src="/img/pixel.png" data-src="https://static.ulabox.com/media/128390_m1.jpg" class="lazy" alt="Lemon Sponge Muuglu without Gluten and Allergens Muuglu" width="160"></a><div class="islet"><hgroup class="product-item__title"><h4 class="product-item__brand micro | push-half--bottom"><a href="/en/brand/muuglu/3732" title="See more products from Muuglu" class="js-pjax">
                        Muuglu
                    </a></h4><h3 class="product-item__name zeta face-normal | flush--bottom"><a href="/en/product/bizcocho-de-limon-sin-gluten-y-alergenos-muuglu/33123" title="Buy Lemon Sponge Muuglu without Gluten and Allergens Muuglu" class="js-article-link | js-pjax">
                        Lemon Sponge Muuglu without Gluten and Allergens …
                    </a><span class="product-item__info weak-text-color"><small class="product-item__units nano">120 gr</small><small class="product-item__ppu nano"> | €11.58 / kg.</small></span></h3></hgroup></div><div class="flexbox | soft-half--sides"><div class="flexbox__item"><div class="star-rating star-rating--small"><div class="current-rating current-rating--4"><i class="star-rating__star"></i></div></div></div><div class="flexbox__item | text--right"><div class="dropdown | dropdown__menu--right | js-dropdown-toggle" data-json='{"followMouse": true, "target": "#product_dropdown", "noClose": true}'><a class="dropdown__toggle | nano | nauru flush--bottom | is-hidden-if-no-js js-show-customer-lists" href="/en/account/lists/" ><i class="icon icon--plus"></i> Add to list
                    </a></div></div></div></div><div class="product-item__shop product-grid__footer | islet "><form class="float--right" action="/en/cart/product/33123" method="post"><span class="product-grid-footer__price"><strong class="product-item__price"><span class="delta">1</span><span class="milli">,39 €</span></strong></span><span class="product-grid-footer__buttons"><button class="btn btn--small btn--remove-circle | is-hidden | js-remove-from-cart "></button><button type="submit" class="btn btn--shop btn--shop-mobile-circle js-add-to-cart |  " data-can-buy-classes="btn--shop btn--shop-mobile-circle" data-can-buy-text="Add" data-can-not-buy-text="More info"
                        data-has-promo="0"><span class="btn--shop__text js-btn-text">Add</span></button></span></form></div></article></div><div class="grid__item m-one-whole t-one-third d-one-third dw-one-quarter | js-product-grid-grid"><article class="js-product-item js-article |  product-item product-item--grid | js-product-container js-article js-article-33119 product-item--grid margin-trailer-1"
     id="product-33119"
     data-product-name="Carrot Cake without Gluten and Allergens Muuglu"
     data-product-id="33119"
     data-price="1.19"
     data-position="12"
     data-product-brand="Muuglu"
     data-list-type="Campaign Listing"
     ><div class="product-item__main"><div class="in-cart-quantity | js-in-cart-quantity is-hidden"></div><strong class="product-item__offer brand-color micro ellipsis-fadeout | islet flush--bottom | m-hide">¡Bajamos el precio!</strong><div class="badge-container"></div><a class="product-item__image nauru js-pjax js-article-link" href="/en/product/pastel-de-zanahoria-sin-gluten-y-alergenos-muuglu/33119" title="Buy Carrot Cake without Gluten and Allergens Muuglu"><img src="/img/pixel.png" data-src="https://static.ulabox.com/media/128391_m1.jpg" class="lazy" alt="Carrot Cake without Gluten and Allergens Muuglu" width="160"></a><div class="islet"><hgroup class="product-item__title"><h4 class="product-item__brand micro | push-half--bottom"><a href="/en/brand/muuglu/3732" title="See more products from Muuglu" class="js-pjax">
                        Muuglu
                    </a></h4><h3 class="product-item__name zeta face-normal | flush--bottom"><a href="/en/product/pastel-de-zanahoria-sin-gluten-y-alergenos-muuglu/33119" title="Buy Carrot Cake without Gluten and Allergens Muuglu" class="js-article-link | js-pjax">
                        Carrot Cake without Gluten and Allergens …
                    </a><span class="product-item__info weak-text-color"><small class="product-item__units nano">120 gr</small><small class="product-item__ppu nano"> | €9.92 / kg.</small></span></h3></hgroup></div><div class="flexbox | soft-half--sides"><div class="flexbox__item"><div class="star-rating star-rating--small"><div class="current-rating current-rating--3-5"><i class="star-rating__star"></i></div></div><a class="review-count-bubble review-count-bubble--compact | pico | flush--bottom push-half--left" href="/en/product/pastel-de-zanahoria-sin-gluten-y-alergenos-muuglu/33119#reviews" title="See 2 reviews on Carrot Cake without Gluten and Allergens Muuglu">2</a></div><div class="flexbox__item | text--right"><div class="dropdown | dropdown__menu--right | js-dropdown-toggle" data-json='{"followMouse": true, "target": "#product_dropdown", "noClose": true}'><a class="dropdown__toggle | nano | nauru flush--bottom | is-hidden-if-no-js js-show-customer-lists" href="/en/account/lists/" ><i class="icon icon--plus"></i> Add to list
                    </a></div></div></div></div><div class="product-item__shop product-grid__footer | islet product-item__shop--twolines"><form class="float--right" action="/en/cart/product/33119" method="post"><span class="product-grid-footer__price"><del class="product-item__price product-item__price--old product-grid-footer__price--old nano | flush--bottom">€1.29</del><strong class="product-item__price product-item__price--new product-grid-footer__price--new brand-color"><span class="delta">1</span><span class="milli">,19 €</span></strong></span><span class="product-grid-footer__buttons"><button class="btn btn--small btn--remove-circle | is-hidden | js-remove-from-cart "></button><button type="submit" class="btn btn--shop btn--shop-mobile-circle js-add-to-cart |  " data-can-buy-classes="btn--shop btn--shop-mobile-circle" data-can-buy-text="Add" data-can-not-buy-text="More info"
                        data-has-promo="0"><span class="btn--shop__text js-btn-text">Add</span></button></span></form></div></article></div><div class="grid__item m-one-whole t-one-third d-one-third dw-one-quarter | js-product-grid-grid"><article class="js-product-item js-article |  product-item product-item--grid | js-product-container js-article js-article-30338 product-item--grid margin-trailer-1"
     id="product-30338"
     data-product-name="Magdalenas without Gluten Adpan 8 Adpan"
     data-product-id="30338"
     data-price="3.2"
     data-position="13"
     data-product-brand="Adpan"
     data-list-type="Campaign Listing"
     ><div class="product-item__main"><div class="in-cart-quantity | js-in-cart-quantity is-hidden"></div><div class="product-item__offer"></div><div class="badge-container"></div><a class="product-item__image nauru js-pjax js-article-link" href="/en/product/magdalenas-sin-gluten-adpan-8-ud/30338" title="Buy Magdalenas without Gluten Adpan 8 Adpan"><img src="/img/pixel.png" data-src="https://static.ulabox.com/media/68601_m1.jpg" class="lazy" alt="Magdalenas without Gluten Adpan 8 Adpan" width="160"></a><div class="islet"><hgroup class="product-item__title"><h4 class="product-item__brand micro | push-half--bottom"><a href="/en/brand/adpan/3532" title="See more products from Adpan" class="js-pjax">
                        Adpan
                    </a></h4><h3 class="product-item__name zeta face-normal | flush--bottom"><a href="/en/product/magdalenas-sin-gluten-adpan-8-ud/30338" title="Buy Magdalenas without Gluten Adpan 8 Adpan" class="js-article-link | js-pjax">
                        Magdalenas without Gluten Adpan 8 Adpan
                    </a><span class="product-item__info weak-text-color"><small class="product-item__units nano">230 gr</small><small class="product-item__ppu nano"> | €13.91 / kg.</small></span></h3></hgroup></div><div class="flexbox | soft-half--sides"><div class="flexbox__item"></div><div class="flexbox__item | text--right"><div class="dropdown | dropdown__menu--right | js-dropdown-toggle" data-json='{"followMouse": true, "target": "#product_dropdown", "noClose": true}'><a class="dropdown__toggle | nano | nauru flush--bottom | is-hidden-if-no-js js-show-customer-lists" href="/en/account/lists/" ><i class="icon icon--plus"></i> Add to list
                    </a></div></div></div></div><div class="product-item__shop product-grid__footer | islet "><form class="float--right" action="/en/cart/product/30338" method="post"><span class="product-grid-footer__price"><strong class="product-item__price"><span class="delta">3</span><span class="milli">,20 €</span></strong></span><span class="product-grid-footer__buttons"><button class="btn btn--small btn--remove-circle | is-hidden | js-remove-from-cart "></button><button type="submit" class="btn btn--shop btn--shop-mobile-circle js-add-to-cart |  " data-can-buy-classes="btn--shop btn--shop-mobile-circle" data-can-buy-text="Add" data-can-not-buy-text="More info"
                        data-has-promo="0"><span class="btn--shop__text js-btn-text">Add</span></button></span></form></div></article></div><div class="grid__item m-one-whole t-one-third d-one-third dw-one-quarter | js-product-grid-grid"><article class="js-product-item js-article |  product-item product-item--grid | js-product-container js-article js-article-27407 product-item--grid margin-trailer-1"
     id="product-27407"
     data-product-name="Anise Gluten Free Airos"
     data-product-id="27407"
     data-price="3.82"
     data-position="14"
     data-product-brand="Airos"
     data-list-type="Campaign Listing"
     ><div class="product-item__main"><div class="in-cart-quantity | js-in-cart-quantity is-hidden"></div><div class="product-item__offer"></div><div class="badge-container"></div><a class="product-item__image nauru js-pjax js-article-link" href="/en/product/tortas-de-anis-sin-gluten-airos/27407" title="Buy Anise Gluten Free Airos"><img src="/img/pixel.png" data-src="https://static.ulabox.com/media/113556_m1.jpg" class="lazy" alt="Anise Gluten Free Airos" width="160"></a><div class="islet"><hgroup class="product-item__title"><h4 class="product-item__brand micro | push-half--bottom"><a href="/en/brand/airos/3255" title="See more products from Airos" class="js-pjax">
                        Airos
                    </a></h4><h3 class="product-item__name zeta face-normal | flush--bottom"><a href="/en/product/tortas-de-anis-sin-gluten-airos/27407" title="Buy Anise Gluten Free Airos" class="js-article-link | js-pjax">
                        Anise Gluten Free Airos
                    </a><span class="product-item__info weak-text-color"><small class="product-item__units nano">210 gr</small><small class="product-item__ppu nano"> | €18.19 / kg.</small></span></h3></hgroup></div><div class="flexbox | soft-half--sides"><div class="flexbox__item"></div><div class="flexbox__item | text--right"><div class="dropdown | dropdown__menu--right | js-dropdown-toggle" data-json='{"followMouse": true, "target": "#product_dropdown", "noClose": true}'><a class="dropdown__toggle | nano | nauru flush--bottom | is-hidden-if-no-js js-show-customer-lists" href="/en/account/lists/" ><i class="icon icon--plus"></i> Add to list
                    </a></div></div></div></div><div class="product-item__shop product-grid__footer | islet "><form class="float--right" action="/en/cart/product/27407" method="post"><span class="product-grid-footer__price"><strong class="product-item__price"><span class="delta">3</span><span class="milli">,82 €</span></strong></span><span class="product-grid-footer__buttons"><button class="btn btn--small btn--remove-circle | is-hidden | js-remove-from-cart "></button><button type="submit" class="btn btn--shop btn--shop-mobile-circle js-add-to-cart |  " data-can-buy-classes="btn--shop btn--shop-mobile-circle" data-can-buy-text="Add" data-can-not-buy-text="More info"
                        data-has-promo="0"><span class="btn--shop__text js-btn-text">Add</span></button></span></form></div></article></div><div class="grid__item m-one-whole t-one-third d-one-third dw-one-quarter | js-product-grid-grid"><article class="js-product-item js-article |  product-item product-item--grid | js-product-container js-article js-article-26024 product-item--grid margin-trailer-1"
     id="product-26024"
     data-product-name="Muffin Choco without Gluten Schär"
     data-product-id="26024"
     data-price="3.05"
     data-position="15"
     data-product-brand="Schär"
     data-list-type="Campaign Listing"
     ><div class="product-item__main"><div class="in-cart-quantity | js-in-cart-quantity is-hidden"></div><div class="product-item__offer"></div><div class="badge-container"></div><a class="product-item__image nauru js-pjax js-article-link" href="/en/product/muffin-choco-sin-gluten-schaer/26024" title="Buy Muffin Choco without Gluten Schär"><img src="/img/pixel.png" data-src="https://static.ulabox.com/media/52929_m1.jpg" class="lazy" alt="Muffin Choco without Gluten Schär" width="160"></a><div class="islet"><hgroup class="product-item__title"><h4 class="product-item__brand micro | push-half--bottom"><a href="/en/brand/schaer/1742" title="See more products from Schär" class="js-pjax">
                        Schär
                    </a></h4><h3 class="product-item__name zeta face-normal | flush--bottom"><a href="/en/product/muffin-choco-sin-gluten-schaer/26024" title="Buy Muffin Choco without Gluten Schär" class="js-article-link | js-pjax">
                        Muffin Choco without Gluten Schär
                    </a><span class="product-item__info weak-text-color"><small class="product-item__units nano">260 gr</small><small class="product-item__ppu nano"> | €11.73 / kg.</small></span></h3></hgroup></div><div class="flexbox | soft-half--sides"><div class="flexbox__item"></div><div class="flexbox__item | text--right"><div class="dropdown | dropdown__menu--right | js-dropdown-toggle" data-json='{"followMouse": true, "target": "#product_dropdown", "noClose": true}'><a class="dropdown__toggle | nano | nauru flush--bottom | is-hidden-if-no-js js-show-customer-lists" href="/en/account/lists/" ><i class="icon icon--plus"></i> Add to list
                    </a></div></div></div></div><div class="product-item__shop product-grid__footer | islet "><form class="float--right" action="/en/cart/product/26024" method="post"><span class="product-grid-footer__price"><strong class="product-item__price"><span class="delta">3</span><span class="milli">,05 €</span></strong></span><span class="product-grid-footer__buttons"><button class="btn btn--small btn--remove-circle | is-hidden | js-remove-from-cart "></button><button type="submit" class="btn btn--shop btn--shop-mobile-circle js-add-to-cart |  " data-can-buy-classes="btn--shop btn--shop-mobile-circle" data-can-buy-text="Add" data-can-not-buy-text="More info"
                        data-has-promo="0"><span class="btn--shop__text js-btn-text">Add</span></button></span></form></div></article></div><div class="grid__item m-one-whole t-one-third d-one-third dw-one-quarter | js-product-grid-grid"><article class="js-product-item js-article |  product-item product-item--grid | js-product-container js-article js-article-25674 product-item--grid margin-trailer-1"
     id="product-25674"
     data-product-name="Plum Cake with Yogurt without Gluten Schär"
     data-product-id="25674"
     data-price="3.66"
     data-position="16"
     data-product-brand="Schär"
     data-list-type="Campaign Listing"
     ><div class="product-item__main"><div class="in-cart-quantity | js-in-cart-quantity is-hidden"></div><div class="product-item__offer"></div><div class="badge-container"></div><a class="product-item__image nauru js-pjax js-article-link" href="/en/product/plum-cake-con-yogur-sin-gluten-schaer/25674" title="Buy Plum Cake with Yogurt without Gluten Schär"><img src="/img/pixel.png" data-src="https://static.ulabox.com/media/51695_m1.jpg" class="lazy" alt="Plum Cake with Yogurt without Gluten Schär" width="160"></a><div class="islet"><hgroup class="product-item__title"><h4 class="product-item__brand micro | push-half--bottom"><a href="/en/brand/schaer/1742" title="See more products from Schär" class="js-pjax">
                        Schär
                    </a></h4><h3 class="product-item__name zeta face-normal | flush--bottom"><a href="/en/product/plum-cake-con-yogur-sin-gluten-schaer/25674" title="Buy Plum Cake with Yogurt without Gluten Schär" class="js-article-link | js-pjax">
                        Plum Cake with Yogurt without Gluten Schär
                    </a><span class="product-item__info weak-text-color"><small class="product-item__units nano">198 gr</small><small class="product-item__ppu nano"> | €18.48 / kg.</small></span></h3></hgroup></div><div class="flexbox | soft-half--sides"><div class="flexbox__item"></div><div class="flexbox__item | text--right"><div class="dropdown | dropdown__menu--right | js-dropdown-toggle" data-json='{"followMouse": true, "target": "#product_dropdown", "noClose": true}'><a class="dropdown__toggle | nano | nauru flush--bottom | is-hidden-if-no-js js-show-customer-lists" href="/en/account/lists/" ><i class="icon icon--plus"></i> Add to list
                    </a></div></div></div></div><div class="product-item__shop product-grid__footer | islet "><form class="float--right" action="/en/cart/product/25674" method="post"><span class="product-grid-footer__price"><strong class="product-item__price"><span class="delta">3</span><span class="milli">,66 €</span></strong></span><span class="product-grid-footer__buttons"><button class="btn btn--small btn--remove-circle | is-hidden | js-remove-from-cart "></button><button type="submit" class="btn btn--shop btn--shop-mobile-circle js-add-to-cart |  " data-can-buy-classes="btn--shop btn--shop-mobile-circle" data-can-buy-text="Add" data-can-not-buy-text="More info"
                        data-has-promo="0"><span class="btn--shop__text js-btn-text">Add</span></button></span></form></div></article></div><div class="grid__item m-one-whole t-one-third d-one-third dw-one-quarter | js-product-grid-grid"><article class="js-product-item js-article |  product-item product-item--grid | js-product-container js-article js-article-46626 product-item--grid margin-trailer-1"
     id="product-46626"
     data-product-name="Peaks without Gluten Airos 100gr"
     data-product-id="46626"
     data-price="1.87"
     data-position="17"
     data-product-brand="Airos"
     data-list-type="Campaign Listing"
     ><div class="product-item__main"><div class="in-cart-quantity | js-in-cart-quantity is-hidden"></div><div class="product-item__offer"></div><div class="badge-container"></div><a class="product-item__image nauru js-pjax js-article-link" href="/en/product/picos-sin-gluten-airos-100gr/46626" title="Buy Peaks without Gluten Airos 100gr"><img src="/img/pixel.png" data-src="https://static.ulabox.com/media/111893_m1.jpg" class="lazy" alt="Peaks without Gluten Airos 100gr" width="160"></a><div class="islet"><hgroup class="product-item__title"><h4 class="product-item__brand micro | push-half--bottom"><a href="/en/brand/airos/3255" title="See more products from Airos" class="js-pjax">
                        Airos
                    </a></h4><h3 class="product-item__name zeta face-normal | flush--bottom"><a href="/en/product/picos-sin-gluten-airos-100gr/46626" title="Buy Peaks without Gluten Airos 100gr" class="js-article-link | js-pjax">
                        Peaks without Gluten Airos 100gr
                    </a><span class="product-item__info weak-text-color"><small class="product-item__units nano">100 gr</small><small class="product-item__ppu nano"> | €18.70 / kg.</small></span></h3></hgroup></div><div class="flexbox | soft-half--sides"><div class="flexbox__item"></div><div class="flexbox__item | text--right"><div class="dropdown | dropdown__menu--right | js-dropdown-toggle" data-json='{"followMouse": true, "target": "#product_dropdown", "noClose": true}'><a class="dropdown__toggle | nano | nauru flush--bottom | is-hidden-if-no-js js-show-customer-lists" href="/en/account/lists/" ><i class="icon icon--plus"></i> Add to list
                    </a></div></div></div></div><div class="product-item__shop product-grid__footer | islet "><form class="float--right" action="/en/cart/product/46626" method="post"><span class="product-grid-footer__price"><strong class="product-item__price"><span class="delta">1</span><span class="milli">,87 €</span></strong></span><span class="product-grid-footer__buttons"><button class="btn btn--small btn--remove-circle | is-hidden | js-remove-from-cart "></button><button type="submit" class="btn btn--shop btn--shop-mobile-circle js-add-to-cart |  " data-can-buy-classes="btn--shop btn--shop-mobile-circle" data-can-buy-text="Add" data-can-not-buy-text="More info"
                        data-has-promo="0"><span class="btn--shop__text js-btn-text">Add</span></button></span></form></div></article></div><div class="grid__item m-one-whole t-one-third d-one-third dw-one-quarter | js-product-grid-grid"><article class="js-product-item js-article |  product-item product-item--grid | js-product-container js-article js-article-43964 product-item--grid margin-trailer-1"
     id="product-43964"
     data-product-name="Baguette Rústica without Gluten Proceli"
     data-product-id="43964"
     data-price="1.77"
     data-position="18"
     data-product-brand="Proceli"
     data-list-type="Campaign Listing"
     ><div class="product-item__main"><div class="in-cart-quantity | js-in-cart-quantity is-hidden"></div><div class="product-item__offer"></div><div class="badge-container"></div><a class="product-item__image nauru js-pjax js-article-link" href="/en/product/baguette-rustica-sin-gluten-proceli/43964" title="Buy Baguette Rústica without Gluten Proceli"><img src="/img/pixel.png" data-src="https://static.ulabox.com/media/130973_m1.jpg" class="lazy" alt="Baguette Rústica without Gluten Proceli" width="160"></a><div class="islet"><hgroup class="product-item__title"><h4 class="product-item__brand micro | push-half--bottom"><a href="/en/brand/proceli/1805" title="See more products from Proceli" class="js-pjax">
                        Proceli
                    </a></h4><h3 class="product-item__name zeta face-normal | flush--bottom"><a href="/en/product/baguette-rustica-sin-gluten-proceli/43964" title="Buy Baguette Rústica without Gluten Proceli" class="js-article-link | js-pjax">
                        Baguette Rústica without Gluten Proceli
                    </a><span class="product-item__info weak-text-color"><small class="product-item__units nano">120 gr</small><small class="product-item__ppu nano"> | €14.75 / kg.</small></span></h3></hgroup></div><div class="flexbox | soft-half--sides"><div class="flexbox__item"></div><div class="flexbox__item | text--right"><div class="dropdown | dropdown__menu--right | js-dropdown-toggle" data-json='{"followMouse": true, "target": "#product_dropdown", "noClose": true}'><a class="dropdown__toggle | nano | nauru flush--bottom | is-hidden-if-no-js js-show-customer-lists" href="/en/account/lists/" ><i class="icon icon--plus"></i> Add to list
                    </a></div></div></div></div><div class="product-item__shop product-grid__footer | islet "><form class="float--right" action="/en/cart/product/43964" method="post"><span class="product-grid-footer__price"><strong class="product-item__price"><span class="delta">1</span><span class="milli">,77 €</span></strong></span><span class="product-grid-footer__buttons"><button class="btn btn--small btn--remove-circle | is-hidden | js-remove-from-cart "></button><button type="submit" class="btn btn--shop btn--shop-mobile-circle js-add-to-cart |  " data-can-buy-classes="btn--shop btn--shop-mobile-circle" data-can-buy-text="Add" data-can-not-buy-text="More info"
                        data-has-promo="0"><span class="btn--shop__text js-btn-text">Add</span></button></span></form></div></article></div><div class="grid__item m-one-whole t-one-third d-one-third dw-one-quarter | js-product-grid-grid"><article class="js-product-item js-article |  product-item product-item--grid | js-product-container js-article js-article-40193 product-item--grid margin-trailer-1"
     id="product-40193"
     data-product-name="Salinis without Gluten Schär"
     data-product-id="40193"
     data-price="1.2"
     data-position="19"
     data-product-brand="Schär"
     data-list-type="Campaign Listing"
     ><div class="product-item__main"><div class="in-cart-quantity | js-in-cart-quantity is-hidden"></div><div class="product-item__offer"></div><div class="badge-container"></div><a class="product-item__image nauru js-pjax js-article-link" href="/en/product/salinis-sin-gluten-schaer/40193" title="Buy Salinis without Gluten Schär"><img src="/img/pixel.png" data-src="https://static.ulabox.com/media/89514_m1.jpg" class="lazy" alt="Salinis without Gluten Schär" width="160"></a><div class="islet"><hgroup class="product-item__title"><h4 class="product-item__brand micro | push-half--bottom"><a href="/en/brand/schaer/1742" title="See more products from Schär" class="js-pjax">
                        Schär
                    </a></h4><h3 class="product-item__name zeta face-normal | flush--bottom"><a href="/en/product/salinis-sin-gluten-schaer/40193" title="Buy Salinis without Gluten Schär" class="js-article-link | js-pjax">
                        Salinis without Gluten Schär
                    </a><span class="product-item__info weak-text-color"><small class="product-item__units nano">60 gr</small><small class="product-item__ppu nano"> | €20.00 / kg.</small></span></h3></hgroup></div><div class="flexbox | soft-half--sides"><div class="flexbox__item"></div><div class="flexbox__item | text--right"><div class="dropdown | dropdown__menu--right | js-dropdown-toggle" data-json='{"followMouse": true, "target": "#product_dropdown", "noClose": true}'><a class="dropdown__toggle | nano | nauru flush--bottom | is-hidden-if-no-js js-show-customer-lists" href="/en/account/lists/" ><i class="icon icon--plus"></i> Add to list
                    </a></div></div></div></div><div class="product-item__shop product-grid__footer | islet "><form class="float--right" action="/en/cart/product/40193" method="post"><span class="product-grid-footer__price"><strong class="product-item__price"><span class="delta">1</span><span class="milli">,20 €</span></strong></span><span class="product-grid-footer__buttons"><button class="btn btn--small btn--remove-circle | is-hidden | js-remove-from-cart "></button><button type="submit" class="btn btn--shop btn--shop-mobile-circle js-add-to-cart |  " data-can-buy-classes="btn--shop btn--shop-mobile-circle" data-can-buy-text="Add" data-can-not-buy-text="More info"
                        data-has-promo="0"><span class="btn--shop__text js-btn-text">Add</span></button></span></form></div></article></div><div class="grid__item m-one-whole t-one-third d-one-third dw-one-quarter | js-product-grid-grid"><article class="js-product-item js-article |  product-item product-item--grid | js-product-container js-article js-article-34390 product-item--grid margin-trailer-1"
     id="product-34390"
     data-product-name="German Rice Bread without Gluten Eco Veritas 375g"
     data-product-id="34390"
     data-price="2.95"
     data-position="20"
     data-product-brand="Veritas"
     data-list-type="Campaign Listing"
     ><div class="product-item__main"><div class="in-cart-quantity | js-in-cart-quantity is-hidden"></div><div class="product-item__offer"></div><div class="badge-container"></div><a class="product-item__image nauru js-pjax js-article-link" href="/en/product/pan-aleman-de-arroz-sin-gluten-eco-veritas-375g/34390" title="Buy German Rice Bread without Gluten Eco Veritas 375g"><img src="/img/pixel.png" data-src="https://static.ulabox.com/media/73835_m1.jpg" class="lazy" alt="German Rice Bread without Gluten Eco Veritas 375g" width="160"></a><div class="islet"><hgroup class="product-item__title"><h4 class="product-item__brand micro | push-half--bottom"><a href="/en/brand/veritas/3792" title="See more products from Veritas" class="js-pjax">
                        Veritas
                    </a></h4><h3 class="product-item__name zeta face-normal | flush--bottom"><a href="/en/product/pan-aleman-de-arroz-sin-gluten-eco-veritas-375g/34390" title="Buy German Rice Bread without Gluten Eco Veritas 375g" class="js-article-link | js-pjax">
                        German Rice Bread without Gluten Eco Veritas …
                    </a><span class="product-item__info weak-text-color"><small class="product-item__units nano">375 gr</small><small class="product-item__ppu nano"> | €7.87 / kg.</small><a
          class="tag tag-eco  tag--small push-half--left"
          href="/en/filter/eco"
          title="eco"
        >
          Organic
        </a></span></h3></hgroup></div><div class="flexbox | soft-half--sides"><div class="flexbox__item"><div class="star-rating star-rating--small"><div class="current-rating current-rating--2-5"><i class="star-rating__star"></i></div></div><a class="review-count-bubble review-count-bubble--compact | pico | flush--bottom push-half--left" href="/en/product/pan-aleman-de-arroz-sin-gluten-eco-veritas-375g/34390#reviews" title="See 3 reviews on German Rice Bread without Gluten Eco Veritas 375g">3</a></div><div class="flexbox__item | text--right"><div class="dropdown | dropdown__menu--right | js-dropdown-toggle" data-json='{"followMouse": true, "target": "#product_dropdown", "noClose": true}'><a class="dropdown__toggle | nano | nauru flush--bottom | is-hidden-if-no-js js-show-customer-lists" href="/en/account/lists/" ><i class="icon icon--plus"></i> Add to list
                    </a></div></div></div></div><div class="product-item__shop product-grid__footer | islet "><form class="float--right" action="/en/cart/product/34390" method="post"><span class="product-grid-footer__price"><strong class="product-item__price"><span class="delta">2</span><span class="milli">,95 €</span></strong></span><span class="product-grid-footer__buttons"><button class="btn btn--small btn--remove-circle | is-hidden | js-remove-from-cart "></button><button type="submit" class="btn btn--shop btn--shop-mobile-circle js-add-to-cart |  " data-can-buy-classes="btn--shop btn--shop-mobile-circle" data-can-buy-text="Add" data-can-not-buy-text="More info"
                        data-has-promo="0"><span class="btn--shop__text js-btn-text">Add</span></button></span></form></div></article></div><div class="grid__item m-one-whole t-one-third d-one-third dw-one-quarter | js-product-grid-grid"><article class="js-product-item js-article |  product-item product-item--grid | js-product-container js-article js-article-34389 product-item--grid margin-trailer-1"
     id="product-34389"
     data-product-name="Bread without Gluten of Flax Seeds and Chia Eco Veritas 375g"
     data-product-id="34389"
     data-price="3.35"
     data-position="21"
     data-product-brand="Veritas"
     data-list-type="Campaign Listing"
     ><div class="product-item__main"><div class="in-cart-quantity | js-in-cart-quantity is-hidden"></div><div class="product-item__offer"></div><div class="badge-container"></div><a class="product-item__image nauru js-pjax js-article-link" href="/en/product/pan-sin-gluten-de-semillas-de-lino-y-chia-eco-veritas-375g/34389" title="Buy Bread without Gluten of Flax Seeds and Chia Eco Veritas 375g"><img src="/img/pixel.png" data-src="https://static.ulabox.com/media/73895_m1.jpg" class="lazy" alt="Bread without Gluten of Flax Seeds and Chia Eco Veritas 375g" width="160"></a><div class="islet"><hgroup class="product-item__title"><h4 class="product-item__brand micro | push-half--bottom"><a href="/en/brand/veritas/3792" title="See more products from Veritas" class="js-pjax">
                        Veritas
                    </a></h4><h3 class="product-item__name zeta face-normal | flush--bottom"><a href="/en/product/pan-sin-gluten-de-semillas-de-lino-y-chia-eco-veritas-375g/34389" title="Buy Bread without Gluten of Flax Seeds and Chia Eco Veritas 375g" class="js-article-link | js-pjax">
                        Bread without Gluten of Flax Seeds and Chia …
                    </a><span class="product-item__info weak-text-color"><small class="product-item__units nano">375 gr</small><small class="product-item__ppu nano"> | €8.93 / kg.</small><a
          class="tag tag-eco  tag--small push-half--left"
          href="/en/filter/eco"
          title="eco"
        >
          Organic
        </a></span></h3></hgroup></div><div class="flexbox | soft-half--sides"><div class="flexbox__item"></div><div class="flexbox__item | text--right"><div class="dropdown | dropdown__menu--right | js-dropdown-toggle" data-json='{"followMouse": true, "target": "#product_dropdown", "noClose": true}'><a class="dropdown__toggle | nano | nauru flush--bottom | is-hidden-if-no-js js-show-customer-lists" href="/en/account/lists/" ><i class="icon icon--plus"></i> Add to list
                    </a></div></div></div></div><div class="product-item__shop product-grid__footer | islet "><form class="float--right" action="/en/cart/product/34389" method="post"><span class="product-grid-footer__price"><strong class="product-item__price"><span class="delta">3</span><span class="milli">,35 €</span></strong></span><span class="product-grid-footer__buttons"><button class="btn btn--small btn--remove-circle | is-hidden | js-remove-from-cart "></button><button type="submit" class="btn btn--shop btn--shop-mobile-circle js-add-to-cart |  " data-can-buy-classes="btn--shop btn--shop-mobile-circle" data-can-buy-text="Add" data-can-not-buy-text="More info"
                        data-has-promo="0"><span class="btn--shop__text js-btn-text">Add</span></button></span></form></div></article></div><div class="grid__item m-one-whole t-one-third d-one-third dw-one-quarter | js-product-grid-grid"><article class="js-product-item js-article |  product-item product-item--grid | js-product-container js-article js-article-27401 product-item--grid margin-trailer-1"
     id="product-27401"
     data-product-name="Round Gluten Free Rustic Bread Airos"
     data-product-id="27401"
     data-price="3.05"
     data-position="22"
     data-product-brand="Airos"
     data-list-type="Campaign Listing"
     ><div class="product-item__main"><div class="in-cart-quantity | js-in-cart-quantity is-hidden"></div><div class="product-item__offer"></div><div class="badge-container"></div><a class="product-item__image nauru js-pjax js-article-link" href="/en/product/pan-redondo-rustico-sin-gluten-airos/27401" title="Buy Round Gluten Free Rustic Bread Airos"><img src="/img/pixel.png" data-src="https://static.ulabox.com/media/106437_m1.jpg" class="lazy" alt="Round Gluten Free Rustic Bread Airos" width="160"></a><div class="islet"><hgroup class="product-item__title"><h4 class="product-item__brand micro | push-half--bottom"><a href="/en/brand/airos/3255" title="See more products from Airos" class="js-pjax">
                        Airos
                    </a></h4><h3 class="product-item__name zeta face-normal | flush--bottom"><a href="/en/product/pan-redondo-rustico-sin-gluten-airos/27401" title="Buy Round Gluten Free Rustic Bread Airos" class="js-article-link | js-pjax">
                        Round Gluten Free Rustic Bread Airos
                    </a><span class="product-item__info weak-text-color"><small class="product-item__units nano">200 gr</small><small class="product-item__ppu nano"> | €15.25 / kg.</small></span></h3></hgroup></div><div class="flexbox | soft-half--sides"><div class="flexbox__item"></div><div class="flexbox__item | text--right"><div class="dropdown | dropdown__menu--right | js-dropdown-toggle" data-json='{"followMouse": true, "target": "#product_dropdown", "noClose": true}'><a class="dropdown__toggle | nano | nauru flush--bottom | is-hidden-if-no-js js-show-customer-lists" href="/en/account/lists/" ><i class="icon icon--plus"></i> Add to list
                    </a></div></div></div></div><div class="product-item__shop product-grid__footer | islet "><form class="float--right" action="/en/cart/product/27401" method="post"><span class="product-grid-footer__price"><strong class="product-item__price"><span class="delta">3</span><span class="milli">,05 €</span></strong></span><span class="product-grid-footer__buttons"><button class="btn btn--small btn--remove-circle | is-hidden | js-remove-from-cart "></button><button type="submit" class="btn btn--shop btn--shop-mobile-circle js-add-to-cart |  " data-can-buy-classes="btn--shop btn--shop-mobile-circle" data-can-buy-text="Add" data-can-not-buy-text="More info"
                        data-has-promo="0"><span class="btn--shop__text js-btn-text">Add</span></button></span></form></div></article></div><div class="grid__item m-one-whole t-one-third d-one-third dw-one-quarter | js-product-grid-grid"><article class="js-product-item js-article |  product-item product-item--grid | js-product-container js-article js-article-37166 product-item--grid margin-trailer-1"
     id="product-37166"
     data-product-name="Biscuits Nuria Mini Xoco Gluten Free Birba 200g"
     data-product-id="37166"
     data-price="3.49"
     data-position="23"
     data-product-brand="Birba"
     data-list-type="Campaign Listing"
     ><div class="product-item__main"><div class="in-cart-quantity | js-in-cart-quantity is-hidden"></div><div class="product-item__offer"></div><div class="badge-container"></div><a class="product-item__image nauru js-pjax js-article-link" href="/en/product/galletas-nuria-mini-xoco-sin-gluten-birba-200g/37166" title="Buy Biscuits Nuria Mini Xoco Gluten Free Birba 200g"><img src="/img/pixel.png" data-src="https://static.ulabox.com/media/88056_m1.jpg" class="lazy" alt="Biscuits Nuria Mini Xoco Gluten Free Birba 200g" width="160"></a><div class="islet"><hgroup class="product-item__title"><h4 class="product-item__brand micro | push-half--bottom"><a href="/en/brand/birba/1316" title="See more products from Birba" class="js-pjax">
                        Birba
                    </a></h4><h3 class="product-item__name zeta face-normal | flush--bottom"><a href="/en/product/galletas-nuria-mini-xoco-sin-gluten-birba-200g/37166" title="Buy Biscuits Nuria Mini Xoco Gluten Free Birba 200g" class="js-article-link | js-pjax">
                        Biscuits Nuria Mini Xoco Gluten Free Birba …
                    </a><span class="product-item__info weak-text-color"><small class="product-item__units nano">200 gr</small><small class="product-item__ppu nano"> | €17.45 / kg.</small></span></h3></hgroup></div><div class="flexbox | soft-half--sides"><div class="flexbox__item"></div><div class="flexbox__item | text--right"><div class="dropdown | dropdown__menu--right | js-dropdown-toggle" data-json='{"followMouse": true, "target": "#product_dropdown", "noClose": true}'><a class="dropdown__toggle | nano | nauru flush--bottom | is-hidden-if-no-js js-show-customer-lists" href="/en/account/lists/" ><i class="icon icon--plus"></i> Add to list
                    </a></div></div></div></div><div class="product-item__shop product-grid__footer | islet "><form class="float--right" action="/en/cart/product/37166" method="post"><span class="product-grid-footer__price"><strong class="product-item__price"><span class="delta">3</span><span class="milli">,49 €</span></strong></span><span class="product-grid-footer__buttons"><button class="btn btn--small btn--remove-circle | is-hidden | js-remove-from-cart "></button><button type="submit" class="btn btn--shop btn--shop-mobile-circle js-add-to-cart |  " data-can-buy-classes="btn--shop btn--shop-mobile-circle" data-can-buy-text="Add" data-can-not-buy-text="More info"
                        data-has-promo="0"><span class="btn--shop__text js-btn-text">Add</span></button></span></form></div></article></div><div class="grid__item m-one-whole t-one-third d-one-third dw-one-quarter | js-product-grid-grid"><article class="js-product-item js-article |  product-item product-item--grid | js-product-container js-article js-article-46149 product-item--grid margin-trailer-1"
     id="product-46149"
     data-product-name="Gluten Free Chocolate Cookies Nuria Birba 435g"
     data-product-id="46149"
     data-price="4.99"
     data-position="24"
     data-product-brand="Birba"
     data-list-type="Campaign Listing"
     ><div class="product-item__main"><div class="in-cart-quantity | js-in-cart-quantity is-hidden"></div><div class="product-item__offer"></div><div class="badge-container"></div><a class="product-item__image nauru js-pjax js-article-link" href="/en/product/galletas-chocolate-sin-gluten-nuria-birba-435g/46149" title="Buy Gluten Free Chocolate Cookies Nuria Birba 435g"><img src="/img/pixel.png" data-src="https://static.ulabox.com/media/109316_m1.jpg" class="lazy" alt="Gluten Free Chocolate Cookies Nuria Birba 435g" width="160"></a><div class="islet"><hgroup class="product-item__title"><h4 class="product-item__brand micro | push-half--bottom"><a href="/en/brand/birba/1316" title="See more products from Birba" class="js-pjax">
                        Birba
                    </a></h4><h3 class="product-item__name zeta face-normal | flush--bottom"><a href="/en/product/galletas-chocolate-sin-gluten-nuria-birba-435g/46149" title="Buy Gluten Free Chocolate Cookies Nuria Birba 435g" class="js-article-link | js-pjax">
                        Gluten Free Chocolate Cookies Nuria Birba …
                    </a><span class="product-item__info weak-text-color"><small class="product-item__units nano">435 gr</small><small class="product-item__ppu nano"> | €11.47 / kg.</small></span></h3></hgroup></div><div class="flexbox | soft-half--sides"><div class="flexbox__item"></div><div class="flexbox__item | text--right"><div class="dropdown | dropdown__menu--right | js-dropdown-toggle" data-json='{"followMouse": true, "target": "#product_dropdown", "noClose": true}'><a class="dropdown__toggle | nano | nauru flush--bottom | is-hidden-if-no-js js-show-customer-lists" href="/en/account/lists/" ><i class="icon icon--plus"></i> Add to list
                    </a></div></div></div></div><div class="product-item__shop product-grid__footer | islet "><form class="float--right" action="/en/cart/product/46149" method="post"><span class="product-grid-footer__price"><strong class="product-item__price"><span class="delta">4</span><span class="milli">,99 €</span></strong></span><span class="product-grid-footer__buttons"><button class="btn btn--small btn--remove-circle | is-hidden | js-remove-from-cart "></button><button type="submit" class="btn btn--shop btn--shop-mobile-circle js-add-to-cart |  " data-can-buy-classes="btn--shop btn--shop-mobile-circle" data-can-buy-text="Add" data-can-not-buy-text="More info"
                        data-has-promo="0"><span class="btn--shop__text js-btn-text">Add</span></button></span></form></div></article></div><div class="grid__item m-one-whole t-one-third d-one-third dw-one-quarter | js-product-grid-grid"><article class="js-product-item js-article |  product-item product-item--grid | js-product-container js-article js-article-12691 product-item--grid margin-trailer-1"
     id="product-12691"
     data-product-name="Bread Biscotes Gluten Free ProCeli (3 packs of 4 units)"
     data-product-id="12691"
     data-price="3.6"
     data-position="25"
     data-product-brand="Proceli"
     data-list-type="Campaign Listing"
     ><div class="product-item__main"><div class="in-cart-quantity | js-in-cart-quantity is-hidden"></div><strong class="product-item__offer brand-color micro ellipsis-fadeout | islet flush--bottom | m-hide">¡Bajamos el precio!</strong><div class="badge-container"></div><a class="product-item__image nauru js-pjax js-article-link" href="/en/product/pan-biscotes-sin-gluten-proceli-3-packs-de-4-unidades/12691" title="Buy Bread Biscotes Gluten Free ProCeli (3 packs of 4 units)"><img src="/img/pixel.png" data-src="https://static.ulabox.com/media/130980_m1.jpg" class="lazy" alt="Bread Biscotes Gluten Free ProCeli (3 packs of 4 units)" width="160"></a><div class="islet"><hgroup class="product-item__title"><h4 class="product-item__brand micro | push-half--bottom"><a href="/en/brand/proceli/1805" title="See more products from Proceli" class="js-pjax">
                        Proceli
                    </a></h4><h3 class="product-item__name zeta face-normal | flush--bottom"><a href="/en/product/pan-biscotes-sin-gluten-proceli-3-packs-de-4-unidades/12691" title="Buy Bread Biscotes Gluten Free ProCeli (3 packs of 4 units)" class="js-article-link | js-pjax">
                        Bread Biscotes Gluten Free ProCeli (3 packs …
                    </a><span class="product-item__info weak-text-color"><small class="product-item__units nano">150 gr</small><small class="product-item__ppu nano"> | €24.00 / kg.</small></span></h3></hgroup></div><div class="flexbox | soft-half--sides"><div class="flexbox__item"><div class="star-rating star-rating--small"><div class="current-rating current-rating--4"><i class="star-rating__star"></i></div></div><a class="review-count-bubble review-count-bubble--compact | pico | flush--bottom push-half--left" href="/en/product/pan-biscotes-sin-gluten-proceli-3-packs-de-4-unidades/12691#reviews" title="See 2 reviews on Bread Biscotes Gluten Free ProCeli (3 packs of 4 units)">2</a></div><div class="flexbox__item | text--right"><div class="dropdown | dropdown__menu--right | js-dropdown-toggle" data-json='{"followMouse": true, "target": "#product_dropdown", "noClose": true}'><a class="dropdown__toggle | nano | nauru flush--bottom | is-hidden-if-no-js js-show-customer-lists" href="/en/account/lists/" ><i class="icon icon--plus"></i> Add to list
                    </a></div></div></div></div><div class="product-item__shop product-grid__footer | islet product-item__shop--twolines"><form class="float--right" action="/en/cart/product/12691" method="post"><span class="product-grid-footer__price"><del class="product-item__price product-item__price--old product-grid-footer__price--old nano | flush--bottom">€3.80</del><strong class="product-item__price product-item__price--new product-grid-footer__price--new brand-color"><span class="delta">3</span><span class="milli">,60 €</span></strong></span><span class="product-grid-footer__buttons"><button class="btn btn--small btn--remove-circle | is-hidden | js-remove-from-cart "></button><button type="submit" class="btn btn--shop btn--shop-mobile-circle js-add-to-cart |  " data-can-buy-classes="btn--shop btn--shop-mobile-circle" data-can-buy-text="Add" data-can-not-buy-text="More info"
                        data-has-promo="0"><span class="btn--shop__text js-btn-text">Add</span></button></span></form></div></article></div><div class="grid__item m-one-whole t-one-third d-one-third dw-one-quarter | js-product-grid-grid"><article class="js-product-item js-article |  product-item product-item--grid | js-product-container js-article js-article-11997 product-item--grid margin-trailer-1"
     id="product-11997"
     data-product-name="Sweet Bread without Gluten Bon Matín Schär"
     data-product-id="11997"
     data-price="2.75"
     data-position="26"
     data-product-brand="Schär"
     data-list-type="Campaign Listing"
     ><div class="product-item__main"><div class="in-cart-quantity | js-in-cart-quantity is-hidden"></div><div class="product-item__offer"></div><div class="badge-container"></div><a class="product-item__image nauru js-pjax js-article-link" href="/en/product/pan-dulce-sin-gluten-bon-matin-schaer/11997" title="Buy Sweet Bread without Gluten Bon Matín Schär"><img src="/img/pixel.png" data-src="https://static.ulabox.com/media/24489_m1.jpg" class="lazy" alt="Sweet Bread without Gluten Bon Matín Schär" width="160"></a><div class="islet"><hgroup class="product-item__title"><h4 class="product-item__brand micro | push-half--bottom"><a href="/en/brand/schaer/1742" title="See more products from Schär" class="js-pjax">
                        Schär
                    </a></h4><h3 class="product-item__name zeta face-normal | flush--bottom"><a href="/en/product/pan-dulce-sin-gluten-bon-matin-schaer/11997" title="Buy Sweet Bread without Gluten Bon Matín Schär" class="js-article-link | js-pjax">
                        Sweet Bread without Gluten Bon Matín Schär
                    </a><span class="product-item__info weak-text-color"><small class="product-item__units nano">200 gr</small><small class="product-item__ppu nano"> | €13.75 / kg.</small></span></h3></hgroup></div><div class="flexbox | soft-half--sides"><div class="flexbox__item"></div><div class="flexbox__item | text--right"><div class="dropdown | dropdown__menu--right | js-dropdown-toggle" data-json='{"followMouse": true, "target": "#product_dropdown", "noClose": true}'><a class="dropdown__toggle | nano | nauru flush--bottom | is-hidden-if-no-js js-show-customer-lists" href="/en/account/lists/" ><i class="icon icon--plus"></i> Add to list
                    </a></div></div></div></div><div class="product-item__shop product-grid__footer | islet "><form class="float--right" action="/en/cart/product/11997" method="post"><span class="product-grid-footer__price"><strong class="product-item__price"><span class="delta">2</span><span class="milli">,75 €</span></strong></span><span class="product-grid-footer__buttons"><button class="btn btn--small btn--remove-circle | is-hidden | js-remove-from-cart "></button><button type="submit" class="btn btn--shop btn--shop-mobile-circle js-add-to-cart |  " data-can-buy-classes="btn--shop btn--shop-mobile-circle" data-can-buy-text="Add" data-can-not-buy-text="More info"
                        data-has-promo="0"><span class="btn--shop__text js-btn-text">Add</span></button></span></form></div></article></div><div class="grid__item m-one-whole t-one-third d-one-third dw-one-quarter | js-product-grid-grid"><article class="js-product-item js-article |  product-item product-item--grid | js-product-container js-article js-article-11996 product-item--grid margin-trailer-1"
     id="product-11996"
     data-product-name="Chapata bread without Gluten Schär"
     data-product-id="11996"
     data-price="2.8"
     data-position="27"
     data-product-brand="Schär"
     data-list-type="Campaign Listing"
     ><div class="product-item__main"><div class="in-cart-quantity | js-in-cart-quantity is-hidden"></div><strong class="product-item__offer brand-color micro ellipsis-fadeout | islet flush--bottom | m-hide">¡Bajamos el precio!</strong><div class="badge-container"></div><a class="product-item__image nauru js-pjax js-article-link" href="/en/product/pan-chapata-sin-gluten-schaer/11996" title="Buy Chapata bread without Gluten Schär"><img src="/img/pixel.png" data-src="https://static.ulabox.com/media/24492_m1.jpg" class="lazy" alt="Chapata bread without Gluten Schär" width="160"></a><div class="islet"><hgroup class="product-item__title"><h4 class="product-item__brand micro | push-half--bottom"><a href="/en/brand/schaer/1742" title="See more products from Schär" class="js-pjax">
                        Schär
                    </a></h4><h3 class="product-item__name zeta face-normal | flush--bottom"><a href="/en/product/pan-chapata-sin-gluten-schaer/11996" title="Buy Chapata bread without Gluten Schär" class="js-article-link | js-pjax">
                        Chapata bread without Gluten Schär
                    </a><span class="product-item__info weak-text-color"><small class="product-item__units nano">200 gr</small><small class="product-item__ppu nano"> | €14.00 / kg.</small></span></h3></hgroup></div><div class="flexbox | soft-half--sides"><div class="flexbox__item"></div><div class="flexbox__item | text--right"><div class="dropdown | dropdown__menu--right | js-dropdown-toggle" data-json='{"followMouse": true, "target": "#product_dropdown", "noClose": true}'><a class="dropdown__toggle | nano | nauru flush--bottom | is-hidden-if-no-js js-show-customer-lists" href="/en/account/lists/" ><i class="icon icon--plus"></i> Add to list
                    </a></div></div></div></div><div class="product-item__shop product-grid__footer | islet product-item__shop--twolines"><form class="float--right" action="/en/cart/product/11996" method="post"><span class="product-grid-footer__price"><del class="product-item__price product-item__price--old product-grid-footer__price--old nano | flush--bottom">€3.10</del><strong class="product-item__price product-item__price--new product-grid-footer__price--new brand-color"><span class="delta">2</span><span class="milli">,80 €</span></strong></span><span class="product-grid-footer__buttons"><button class="btn btn--small btn--remove-circle | is-hidden | js-remove-from-cart "></button><button type="submit" class="btn btn--shop btn--shop-mobile-circle js-add-to-cart |  " data-can-buy-classes="btn--shop btn--shop-mobile-circle" data-can-buy-text="Add" data-can-not-buy-text="More info"
                        data-has-promo="0"><span class="btn--shop__text js-btn-text">Add</span></button></span></form></div></article></div><div class="grid__item m-one-whole t-one-third d-one-third dw-one-quarter | js-product-grid-grid"><article class="js-product-item js-article |  product-item product-item--grid | js-product-container js-article js-article-46212 product-item--grid margin-trailer-1"
     id="product-46212"
     data-product-name="Marbled with Cocoa without Gluten Proceli"
     data-product-id="46212"
     data-price="4.19"
     data-position="28"
     data-product-brand="Proceli"
     data-list-type="Campaign Listing"
     ><div class="product-item__main"><div class="in-cart-quantity | js-in-cart-quantity is-hidden"></div><div class="product-item__offer"></div><div class="badge-container"></div><a class="product-item__image nauru js-pjax js-article-link" href="/en/product/marmolado-con-cacao-sin-gluten-proceli/46212" title="Buy Marbled with Cocoa without Gluten Proceli"><img src="/img/pixel.png" data-src="https://static.ulabox.com/media/130974_m1.jpg" class="lazy" alt="Marbled with Cocoa without Gluten Proceli" width="160"></a><div class="islet"><hgroup class="product-item__title"><h4 class="product-item__brand micro | push-half--bottom"><a href="/en/brand/proceli/1805" title="See more products from Proceli" class="js-pjax">
                        Proceli
                    </a></h4><h3 class="product-item__name zeta face-normal | flush--bottom"><a href="/en/product/marmolado-con-cacao-sin-gluten-proceli/46212" title="Buy Marbled with Cocoa without Gluten Proceli" class="js-article-link | js-pjax">
                        Marbled with Cocoa without Gluten Proceli
                    </a><span class="product-item__info weak-text-color"><small class="product-item__units nano">180 gr</small><small class="product-item__ppu nano"> | €23.28 / kg.</small></span></h3></hgroup></div><div class="flexbox | soft-half--sides"><div class="flexbox__item"></div><div class="flexbox__item | text--right"><div class="dropdown | dropdown__menu--right | js-dropdown-toggle" data-json='{"followMouse": true, "target": "#product_dropdown", "noClose": true}'><a class="dropdown__toggle | nano | nauru flush--bottom | is-hidden-if-no-js js-show-customer-lists" href="/en/account/lists/" ><i class="icon icon--plus"></i> Add to list
                    </a></div></div></div></div><div class="product-item__shop product-grid__footer | islet "><form class="float--right" action="/en/cart/product/46212" method="post"><span class="product-grid-footer__price"><strong class="product-item__price"><span class="delta">4</span><span class="milli">,19 €</span></strong></span><span class="product-grid-footer__buttons"><button class="btn btn--small btn--remove-circle | is-hidden | js-remove-from-cart "></button><button type="submit" class="btn btn--shop btn--shop-mobile-circle js-add-to-cart |  " data-can-buy-classes="btn--shop btn--shop-mobile-circle" data-can-buy-text="Add" data-can-not-buy-text="More info"
                        data-has-promo="0"><span class="btn--shop__text js-btn-text">Add</span></button></span></form></div></article></div><div class="grid__item m-one-whole t-one-third d-one-third dw-one-quarter | js-product-grid-grid"><article class="js-product-item js-article |  product-item product-item--grid | js-product-container js-article js-article-45369 product-item--grid margin-trailer-1"
     id="product-45369"
     data-product-name="Cocoa Muffin with Choco Chips without Gluten Airos 4 units"
     data-product-id="45369"
     data-price="2.89"
     data-position="29"
     data-product-brand="Airos"
     data-list-type="Campaign Listing"
     ><div class="product-item__main"><div class="in-cart-quantity | js-in-cart-quantity is-hidden"></div><strong class="product-item__offer brand-color micro ellipsis-fadeout | islet flush--bottom | m-hide">¡Bajamos el precio!</strong><div class="badge-container"></div><a class="product-item__image nauru js-pjax js-article-link" href="/en/product/muffin-de-cacao-con-choco-chips-sin-gluten-airos-4-uds/45369" title="Buy Cocoa Muffin with Choco Chips without Gluten Airos 4 units"><img src="/img/pixel.png" data-src="https://static.ulabox.com/media/106438_m1.jpg" class="lazy" alt="Cocoa Muffin with Choco Chips without Gluten Airos 4 units" width="160"></a><div class="islet"><hgroup class="product-item__title"><h4 class="product-item__brand micro | push-half--bottom"><a href="/en/brand/airos/3255" title="See more products from Airos" class="js-pjax">
                        Airos
                    </a></h4><h3 class="product-item__name zeta face-normal | flush--bottom"><a href="/en/product/muffin-de-cacao-con-choco-chips-sin-gluten-airos-4-uds/45369" title="Buy Cocoa Muffin with Choco Chips without Gluten Airos 4 units" class="js-article-link | js-pjax">
                        Cocoa Muffin with Choco Chips without Gluten …
                    </a><span class="product-item__info weak-text-color"><small class="product-item__units nano">240 gr</small><small class="product-item__ppu nano"> | €12.04 / kg.</small></span></h3></hgroup></div><div class="flexbox | soft-half--sides"><div class="flexbox__item"></div><div class="flexbox__item | text--right"><div class="dropdown | dropdown__menu--right | js-dropdown-toggle" data-json='{"followMouse": true, "target": "#product_dropdown", "noClose": true}'><a class="dropdown__toggle | nano | nauru flush--bottom | is-hidden-if-no-js js-show-customer-lists" href="/en/account/lists/" ><i class="icon icon--plus"></i> Add to list
                    </a></div></div></div></div><div class="product-item__shop product-grid__footer | islet product-item__shop--twolines"><form class="float--right" action="/en/cart/product/45369" method="post"><span class="product-grid-footer__price"><del class="product-item__price product-item__price--old product-grid-footer__price--old nano | flush--bottom">€3.18</del><strong class="product-item__price product-item__price--new product-grid-footer__price--new brand-color"><span class="delta">2</span><span class="milli">,89 €</span></strong></span><span class="product-grid-footer__buttons"><button class="btn btn--small btn--remove-circle | is-hidden | js-remove-from-cart "></button><button type="submit" class="btn btn--shop btn--shop-mobile-circle js-add-to-cart |  " data-can-buy-classes="btn--shop btn--shop-mobile-circle" data-can-buy-text="Add" data-can-not-buy-text="More info"
                        data-has-promo="0"><span class="btn--shop__text js-btn-text">Add</span></button></span></form></div></article></div><div class="grid__item m-one-whole t-one-third d-one-third dw-one-quarter | js-product-grid-grid"><article class="js-product-item js-article |  product-item product-item--grid | js-product-container js-article js-article-29109 product-item--grid margin-trailer-1"
     id="product-29109"
     data-product-name="Mini Gluten Free Maize and Quinoa DIET Rádisson"
     data-product-id="29109"
     data-price="0.95"
     data-position="30"
     data-product-brand="DIET Rádisson"
     data-list-type="Campaign Listing"
     ><div class="product-item__main"><div class="in-cart-quantity | js-in-cart-quantity is-hidden"></div><div class="product-item__offer"></div><div class="badge-container"></div><a class="product-item__image nauru js-pjax js-article-link" href="/en/product/mini-tortitas-de-maiz-y-quinoa-sin-gluten-diet-radisson/29109" title="Buy Mini Gluten Free Maize and Quinoa DIET Rádisson"><img src="/img/pixel.png" data-src="https://static.ulabox.com/media/61411_m1.jpg" class="lazy" alt="Mini Gluten Free Maize and Quinoa DIET Rádisson" width="160"></a><div class="islet"><hgroup class="product-item__title"><h4 class="product-item__brand micro | push-half--bottom"><a href="/en/brand/diet-radisson/834" title="See more products from DIET Rádisson" class="js-pjax">
                        DIET Rádisson
                    </a></h4><h3 class="product-item__name zeta face-normal | flush--bottom"><a href="/en/product/mini-tortitas-de-maiz-y-quinoa-sin-gluten-diet-radisson/29109" title="Buy Mini Gluten Free Maize and Quinoa DIET Rádisson" class="js-article-link | js-pjax">
                        Mini Gluten Free Maize and Quinoa DIET Rádisson
                    </a><span class="product-item__info weak-text-color"><small class="product-item__units nano">50 gr</small><small class="product-item__ppu nano"> | €19.00 / kg.</small></span></h3></hgroup></div><div class="flexbox | soft-half--sides"><div class="flexbox__item"></div><div class="flexbox__item | text--right"><div class="dropdown | dropdown__menu--right | js-dropdown-toggle" data-json='{"followMouse": true, "target": "#product_dropdown", "noClose": true}'><a class="dropdown__toggle | nano | nauru flush--bottom | is-hidden-if-no-js js-show-customer-lists" href="/en/account/lists/" ><i class="icon icon--plus"></i> Add to list
                    </a></div></div></div></div><div class="product-item__shop product-grid__footer | islet "><form class="float--right" action="/en/cart/product/29109" method="post"><span class="product-grid-footer__price"><strong class="product-item__price"><span class="delta">0</span><span class="milli">,95 €</span></strong></span><span class="product-grid-footer__buttons"><button class="btn btn--small btn--remove-circle | is-hidden | js-remove-from-cart "></button><button type="submit" class="btn btn--shop btn--shop-mobile-circle js-add-to-cart |  " data-can-buy-classes="btn--shop btn--shop-mobile-circle" data-can-buy-text="Add" data-can-not-buy-text="More info"
                        data-has-promo="0"><span class="btn--shop__text js-btn-text">Add</span></button></span></form></div></article></div><div class="grid__item m-one-whole t-one-third d-one-third dw-one-quarter | js-product-grid-grid"><article class="js-product-item js-article |  product-item product-item--grid | js-product-container js-article js-article-27406 product-item--grid margin-trailer-1"
     id="product-27406"
     data-product-name="Gluten Free Palm Trees with Chocolate Airos"
     data-product-id="27406"
     data-price="4.09"
     data-position="31"
     data-product-brand="Airos"
     data-list-type="Campaign Listing"
     ><div class="product-item__main"><div class="in-cart-quantity | js-in-cart-quantity is-hidden"></div><div class="product-item__offer"></div><div class="badge-container"></div><a class="product-item__image nauru js-pjax js-article-link" href="/en/product/palmeras-sin-gluten-con-chocolate-airos/27406" title="Buy Gluten Free Palm Trees with Chocolate Airos"><img src="/img/pixel.png" data-src="https://static.ulabox.com/media/88005_m1.jpg" class="lazy" alt="Gluten Free Palm Trees with Chocolate Airos" width="160"></a><div class="islet"><hgroup class="product-item__title"><h4 class="product-item__brand micro | push-half--bottom"><a href="/en/brand/airos/3255" title="See more products from Airos" class="js-pjax">
                        Airos
                    </a></h4><h3 class="product-item__name zeta face-normal | flush--bottom"><a href="/en/product/palmeras-sin-gluten-con-chocolate-airos/27406" title="Buy Gluten Free Palm Trees with Chocolate Airos" class="js-article-link | js-pjax">
                        Gluten Free Palm Trees with Chocolate Airos
                    </a><span class="product-item__info weak-text-color"><small class="product-item__units nano">150 gr</small><small class="product-item__ppu nano"> | €27.27 / kg.</small></span></h3></hgroup></div><div class="flexbox | soft-half--sides"><div class="flexbox__item"></div><div class="flexbox__item | text--right"><div class="dropdown | dropdown__menu--right | js-dropdown-toggle" data-json='{"followMouse": true, "target": "#product_dropdown", "noClose": true}'><a class="dropdown__toggle | nano | nauru flush--bottom | is-hidden-if-no-js js-show-customer-lists" href="/en/account/lists/" ><i class="icon icon--plus"></i> Add to list
                    </a></div></div></div></div><div class="product-item__shop product-grid__footer | islet "><form class="float--right" action="/en/cart/product/27406" method="post"><span class="product-grid-footer__price"><strong class="product-item__price"><span class="delta">4</span><span class="milli">,09 €</span></strong></span><span class="product-grid-footer__buttons"><button class="btn btn--small btn--remove-circle | is-hidden | js-remove-from-cart "></button><button type="submit" class="btn btn--shop btn--shop-mobile-circle js-add-to-cart |  " data-can-buy-classes="btn--shop btn--shop-mobile-circle" data-can-buy-text="Add" data-can-not-buy-text="More info"
                        data-has-promo="0"><span class="btn--shop__text js-btn-text">Add</span></button></span></form></div></article></div><div class="grid__item m-one-whole t-one-third d-one-third dw-one-quarter | js-product-grid-grid"><article class="js-product-item js-article |  product-item product-item--grid | js-product-container js-article js-article-11995 product-item--grid margin-trailer-1"
     id="product-11995"
     data-product-name="Pan Casereccio without Gluten Schär"
     data-product-id="11995"
     data-price="3.29"
     data-position="32"
     data-product-brand="Schär"
     data-list-type="Campaign Listing"
     ><div class="product-item__main"><div class="in-cart-quantity | js-in-cart-quantity is-hidden"></div><strong class="product-item__offer brand-color micro ellipsis-fadeout | islet flush--bottom | m-hide">¡Bajamos el precio!</strong><div class="badge-container"></div><a class="product-item__image nauru js-pjax js-article-link" href="/en/product/pan-casereccio-sin-gluten-schaer/11995" title="Buy Pan Casereccio without Gluten Schär"><img src="/img/pixel.png" data-src="https://static.ulabox.com/media/24490_m1.jpg" class="lazy" alt="Pan Casereccio without Gluten Schär" width="160"></a><div class="islet"><hgroup class="product-item__title"><h4 class="product-item__brand micro | push-half--bottom"><a href="/en/brand/schaer/1742" title="See more products from Schär" class="js-pjax">
                        Schär
                    </a></h4><h3 class="product-item__name zeta face-normal | flush--bottom"><a href="/en/product/pan-casereccio-sin-gluten-schaer/11995" title="Buy Pan Casereccio without Gluten Schär" class="js-article-link | js-pjax">
                        Pan Casereccio without Gluten Schär
                    </a><span class="product-item__info weak-text-color"><small class="product-item__units nano">240 gr</small><small class="product-item__ppu nano"> | €13.71 / kg.</small></span></h3></hgroup></div><div class="flexbox | soft-half--sides"><div class="flexbox__item"></div><div class="flexbox__item | text--right"><div class="dropdown | dropdown__menu--right | js-dropdown-toggle" data-json='{"followMouse": true, "target": "#product_dropdown", "noClose": true}'><a class="dropdown__toggle | nano | nauru flush--bottom | is-hidden-if-no-js js-show-customer-lists" href="/en/account/lists/" ><i class="icon icon--plus"></i> Add to list
                    </a></div></div></div></div><div class="product-item__shop product-grid__footer | islet product-item__shop--twolines"><form class="float--right" action="/en/cart/product/11995" method="post"><span class="product-grid-footer__price"><del class="product-item__price product-item__price--old product-grid-footer__price--old nano | flush--bottom">€3.64</del><strong class="product-item__price product-item__price--new product-grid-footer__price--new brand-color"><span class="delta">3</span><span class="milli">,29 €</span></strong></span><span class="product-grid-footer__buttons"><button class="btn btn--small btn--remove-circle | is-hidden | js-remove-from-cart "></button><button type="submit" class="btn btn--shop btn--shop-mobile-circle js-add-to-cart |  " data-can-buy-classes="btn--shop btn--shop-mobile-circle" data-can-buy-text="Add" data-can-not-buy-text="More info"
                        data-has-promo="0"><span class="btn--shop__text js-btn-text">Add</span></button></span></form></div></article></div><div class="grid__item m-one-whole t-one-third d-one-third dw-one-quarter | js-product-grid-grid"><article class="js-product-item js-article |  product-item product-item--grid | js-product-container js-article js-article-7716 product-item--grid margin-trailer-1"
     id="product-7716"
     data-product-name="Corn toast and Rice without Gluten Gerblé"
     data-product-id="7716"
     data-price="3.56"
     data-position="33"
     data-product-brand="Gerblé"
     data-list-type="Campaign Listing"
     ><div class="product-item__main"><div class="in-cart-quantity | js-in-cart-quantity is-hidden"></div><div class="product-item__offer"></div><div class="badge-container"></div><a class="product-item__image nauru js-pjax js-article-link" href="/en/product/tostadas-de-maiz-y-arroz-sin-gluten-gerble/7716" title="Buy Corn toast and Rice without Gluten Gerblé"><img src="/img/pixel.png" data-src="https://static.ulabox.com/media/54370_m1.jpg" class="lazy" alt="Corn toast and Rice without Gluten Gerblé" width="160"></a><div class="islet"><hgroup class="product-item__title"><h4 class="product-item__brand micro | push-half--bottom"><a href="/en/brand/gerble/1325" title="See more products from Gerblé" class="js-pjax">
                        Gerblé
                    </a></h4><h3 class="product-item__name zeta face-normal | flush--bottom"><a href="/en/product/tostadas-de-maiz-y-arroz-sin-gluten-gerble/7716" title="Buy Corn toast and Rice without Gluten Gerblé" class="js-article-link | js-pjax">
                        Corn toast and Rice without Gluten Gerblé
                    </a><span class="product-item__info weak-text-color"><small class="product-item__units nano">250 gr</small><small class="product-item__ppu nano"> | €14.24 / kg.</small></span></h3></hgroup></div><div class="flexbox | soft-half--sides"><div class="flexbox__item"></div><div class="flexbox__item | text--right"><div class="dropdown | dropdown__menu--right | js-dropdown-toggle" data-json='{"followMouse": true, "target": "#product_dropdown", "noClose": true}'><a class="dropdown__toggle | nano | nauru flush--bottom | is-hidden-if-no-js js-show-customer-lists" href="/en/account/lists/" ><i class="icon icon--plus"></i> Add to list
                    </a></div></div></div></div><div class="product-item__shop product-grid__footer | islet "><form class="float--right" action="/en/cart/product/7716" method="post"><span class="product-grid-footer__price"><strong class="product-item__price"><span class="delta">3</span><span class="milli">,56 €</span></strong></span><span class="product-grid-footer__buttons"><button class="btn btn--small btn--remove-circle | is-hidden | js-remove-from-cart "></button><button type="submit" class="btn btn--shop btn--shop-mobile-circle js-add-to-cart |  " data-can-buy-classes="btn--shop btn--shop-mobile-circle" data-can-buy-text="Add" data-can-not-buy-text="More info"
                        data-has-promo="0"><span class="btn--shop__text js-btn-text">Add</span></button></span></form></div></article></div></div></div></div><form class="js-add-to-list" autocomplete="off" action="/en/account/lists/product/new" method="post"><div class="dropdown | js-dropdown" id="product_dropdown"><a class="dropdown__toggle | js-dropdown-toggle" href="" title=""></a><div class="dropdown__menu | container-lifted | dropdown__menu--medium | dropdown__menu--right | js-dropdown-menu"><div class="milli | flush--bottom"><div class="flexbox | facet-header | container-dark | border--bottom"><strong class="flexbox__item | base-line-height | milli">
        My lists
    </strong></div><div class="js-dropdown-ajax-content"><div class="islet"><!--googleoff: all--><div class="js-customer-list-container"><div class="text--center"><span class="face-bold weak-text-color islet">In order to create lists and save products you must enter your account</span><a class="push-half--ends btn btn--primary js-pjax" href="/en/enter?back=/en/campaign/productos-sin-gluten">Access your account</a></div></div><!--googleon: all--></div><div class="is-hidden js-lists-error"><div class="alert--error | micro | "><div class="media"><div class="media__body"><i class="icon icon--info"></i>
            
                        
                                                            Sorry, we could not load your lists. Try again in a moment. 
                                    </div></div></div></div></div></div></div></div></form><header class="container-white | islet | flexbox | border--bottom" id="cereals-oats-seeds"><a class="flexbox__item | js-pjax" href="/en/campaign/productos-sin-gluten/cat=1455"><h2 class="brand-face | epsilon |  base-line-height | flush--bottom | text--left">Cereals, Oats &amp; Seeds</h2></a><a class="btn btn--tiny btn--inset | flexbox__item | float--right | js-pjax"  href="/en/campaign/productos-sin-gluten/cat=1455">
            See all&nbsp;<i class="icon icon--caret-right"></i></a></header><div id="product-list" class="js-product-list | container-light | border--bottom | clear-fix"><div class="container-light | t-island d-island dw-island"><div class="grid"><div class="grid__item m-one-whole t-one-third d-one-third dw-one-quarter | js-product-grid-grid"><article class="js-product-item js-article |  product-item product-item--grid | js-product-container js-article js-article-30350 product-item--grid margin-trailer-1"
     id="product-30350"
     data-product-name="Fine Oat Flakes without Gluten Glebe Farm"
     data-product-id="30350"
     data-price="5.79"
     data-position="1"
     data-product-brand="Glebe Farm"
     data-list-type="Campaign Listing"
     ><div class="product-item__main"><div class="in-cart-quantity | js-in-cart-quantity is-hidden"></div><div class="product-item__offer"></div><div class="badge-container"></div><a class="product-item__image nauru js-pjax js-article-link" href="/en/product/copos-de-avena-finos-sin-gluten-glebe-farm/30350" title="Buy Fine Oat Flakes without Gluten Glebe Farm"><img src="/img/pixel.png" data-src="https://static.ulabox.com/media/64507_m1.jpg" class="lazy" alt="Fine Oat Flakes without Gluten Glebe Farm" width="160"></a><div class="islet"><hgroup class="product-item__title"><h4 class="product-item__brand micro | push-half--bottom"><a href="/en/brand/glebe-farm/3535" title="See more products from Glebe Farm" class="js-pjax">
                        Glebe Farm
                    </a></h4><h3 class="product-item__name zeta face-normal | flush--bottom"><a href="/en/product/copos-de-avena-finos-sin-gluten-glebe-farm/30350" title="Buy Fine Oat Flakes without Gluten Glebe Farm" class="js-article-link | js-pjax">
                        Fine Oat Flakes without Gluten Glebe Farm
                    </a><span class="product-item__info weak-text-color"><small class="product-item__units nano">450 gr</small><small class="product-item__ppu nano"> | €12.87 / kg.</small></span></h3></hgroup></div><div class="flexbox | soft-half--sides"><div class="flexbox__item"></div><div class="flexbox__item | text--right"><div class="dropdown | dropdown__menu--right | js-dropdown-toggle" data-json='{"followMouse": true, "target": "#product_dropdown", "noClose": true}'><a class="dropdown__toggle | nano | nauru flush--bottom | is-hidden-if-no-js js-show-customer-lists" href="/en/account/lists/" ><i class="icon icon--plus"></i> Add to list
                    </a></div></div></div></div><div class="product-item__shop product-grid__footer | islet "><form class="float--right" action="/en/cart/product/30350" method="post"><span class="product-grid-footer__price"><strong class="product-item__price"><span class="delta">5</span><span class="milli">,79 €</span></strong></span><span class="product-grid-footer__buttons"><button class="btn btn--small btn--remove-circle | is-hidden | js-remove-from-cart "></button><button type="submit" class="btn btn--shop btn--shop-mobile-circle js-add-to-cart |  " data-can-buy-classes="btn--shop btn--shop-mobile-circle" data-can-buy-text="Add" data-can-not-buy-text="More info"
                        data-has-promo="0"><span class="btn--shop__text js-btn-text">Add</span></button></span></form></div></article></div><div class="grid__item m-one-whole t-one-third d-one-third dw-one-quarter | js-product-grid-grid"><article class="js-product-item js-article |  product-item product-item--grid | js-product-container js-article js-article-43755 product-item--grid margin-trailer-1"
     id="product-43755"
     data-product-name="Oatmeal Muesli with Gluten Free Chocolate Eco Veritas 425 gr"
     data-product-id="43755"
     data-price="3.85"
     data-position="2"
     data-product-brand="Veritas"
     data-list-type="Campaign Listing"
     ><div class="product-item__main"><div class="in-cart-quantity | js-in-cart-quantity is-hidden"></div><div class="product-item__offer"></div><div class="badge-container"></div><a class="product-item__image nauru js-pjax js-article-link" href="/en/product/muesli-de-avena-con-chocolate-sin-gluten-ecoveritas-425-gr/43755" title="Buy Oatmeal Muesli with Gluten Free Chocolate Eco Veritas 425 gr"><img src="/img/pixel.png" data-src="https://static.ulabox.com/media/100326_m1.jpg" class="lazy" alt="Oatmeal Muesli with Gluten Free Chocolate Eco Veritas 425 gr" width="160"></a><div class="islet"><hgroup class="product-item__title"><h4 class="product-item__brand micro | push-half--bottom"><a href="/en/brand/veritas/3792" title="See more products from Veritas" class="js-pjax">
                        Veritas
                    </a></h4><h3 class="product-item__name zeta face-normal | flush--bottom"><a href="/en/product/muesli-de-avena-con-chocolate-sin-gluten-ecoveritas-425-gr/43755" title="Buy Oatmeal Muesli with Gluten Free Chocolate Eco Veritas 425 gr" class="js-article-link | js-pjax">
                        Oatmeal Muesli with Gluten Free Chocolate …
                    </a><span class="product-item__info weak-text-color"><small class="product-item__units nano">425 gr</small><small class="product-item__ppu nano"> | €9.06 / kg.</small><a
          class="tag tag-eco  tag--small push-half--left"
          href="/en/filter/eco"
          title="eco"
        >
          Organic
        </a></span></h3></hgroup></div><div class="flexbox | soft-half--sides"><div class="flexbox__item"><div class="star-rating star-rating--small"><div class="current-rating current-rating--5"><i class="star-rating__star"></i></div></div></div><div class="flexbox__item | text--right"><div class="dropdown | dropdown__menu--right | js-dropdown-toggle" data-json='{"followMouse": true, "target": "#product_dropdown", "noClose": true}'><a class="dropdown__toggle | nano | nauru flush--bottom | is-hidden-if-no-js js-show-customer-lists" href="/en/account/lists/" ><i class="icon icon--plus"></i> Add to list
                    </a></div></div></div></div><div class="product-item__shop product-grid__footer | islet "><form class="float--right" action="/en/cart/product/43755" method="post"><span class="product-grid-footer__price"><strong class="product-item__price"><span class="delta">3</span><span class="milli">,85 €</span></strong></span><span class="product-grid-footer__buttons"><button class="btn btn--small btn--remove-circle | is-hidden | js-remove-from-cart "></button><button type="submit" class="btn btn--shop btn--shop-mobile-circle js-add-to-cart |  " data-can-buy-classes="btn--shop btn--shop-mobile-circle" data-can-buy-text="Add" data-can-not-buy-text="More info"
                        data-has-promo="0"><span class="btn--shop__text js-btn-text">Add</span></button></span></form></div></article></div><div class="grid__item m-one-whole t-one-third d-one-third dw-one-quarter | js-product-grid-grid"><article class="js-product-item js-article |  product-item product-item--grid | js-product-container js-article js-article-39602 product-item--grid margin-trailer-1"
     id="product-39602"
     data-product-name="Muesli with Fruits of the Forest without Gluten Muesli Up"
     data-product-id="39602"
     data-price="4.59"
     data-position="3"
     data-product-brand="Muesli Up"
     data-list-type="Campaign Listing"
     ><div class="product-item__main"><div class="in-cart-quantity | js-in-cart-quantity is-hidden"></div><div class="product-item__offer"></div><div class="badge-container"></div><a class="product-item__image nauru js-pjax js-article-link" href="/en/product/muesli-con-frutos-del-bosque-sin-gluten-muesli-up/39602" title="Buy Muesli with Fruits of the Forest without Gluten Muesli Up"><img src="/img/pixel.png" data-src="https://static.ulabox.com/media/87825_m1.jpg" class="lazy" alt="Muesli with Fruits of the Forest without Gluten Muesli Up" width="160"></a><div class="islet"><hgroup class="product-item__title"><h4 class="product-item__brand micro | push-half--bottom"><a href="/en/brand/muesli-up/4238" title="See more products from Muesli Up" class="js-pjax">
                        Muesli Up
                    </a></h4><h3 class="product-item__name zeta face-normal | flush--bottom"><a href="/en/product/muesli-con-frutos-del-bosque-sin-gluten-muesli-up/39602" title="Buy Muesli with Fruits of the Forest without Gluten Muesli Up" class="js-article-link | js-pjax">
                        Muesli with Fruits of the Forest without …
                    </a><span class="product-item__info weak-text-color"><small class="product-item__units nano">350 gr</small><small class="product-item__ppu nano"> | €13.11 / kg.</small></span></h3></hgroup></div><div class="flexbox | soft-half--sides"><div class="flexbox__item"></div><div class="flexbox__item | text--right"><div class="dropdown | dropdown__menu--right | js-dropdown-toggle" data-json='{"followMouse": true, "target": "#product_dropdown", "noClose": true}'><a class="dropdown__toggle | nano | nauru flush--bottom | is-hidden-if-no-js js-show-customer-lists" href="/en/account/lists/" ><i class="icon icon--plus"></i> Add to list
                    </a></div></div></div></div><div class="product-item__shop product-grid__footer | islet "><form class="float--right" action="/en/cart/product/39602" method="post"><span class="product-grid-footer__price"><strong class="product-item__price"><span class="delta">4</span><span class="milli">,59 €</span></strong></span><span class="product-grid-footer__buttons"><button class="btn btn--small btn--remove-circle | is-hidden | js-remove-from-cart "></button><button type="submit" class="btn btn--shop btn--shop-mobile-circle js-add-to-cart |  " data-can-buy-classes="btn--shop btn--shop-mobile-circle" data-can-buy-text="Add" data-can-not-buy-text="More info"
                        data-has-promo="0"><span class="btn--shop__text js-btn-text">Add</span></button></span></form></div></article></div><div class="grid__item m-one-whole t-one-third d-one-third dw-one-quarter | js-product-grid-grid"><article class="js-product-item js-article |  product-item product-item--grid | js-product-container js-article js-article-30348 product-item--grid margin-trailer-1"
     id="product-30348"
     data-product-name="Oatmeal Muesli with Gluten Free Fruit Glebe Farm"
     data-product-id="30348"
     data-price="6.45"
     data-position="4"
     data-product-brand="Glebe Farm"
     data-list-type="Campaign Listing"
     ><div class="product-item__main"><div class="in-cart-quantity | js-in-cart-quantity is-hidden"></div><div class="product-item__offer"></div><div class="badge-container"></div><a class="product-item__image nauru js-pjax js-article-link" href="/en/product/muesli-de-avena-con-fruta-sin-gluten-glebe-farm/30348" title="Buy Oatmeal Muesli with Gluten Free Fruit Glebe Farm"><img src="/img/pixel.png" data-src="https://static.ulabox.com/media/64506_m1.jpg" class="lazy" alt="Oatmeal Muesli with Gluten Free Fruit Glebe Farm" width="160"></a><div class="islet"><hgroup class="product-item__title"><h4 class="product-item__brand micro | push-half--bottom"><a href="/en/brand/glebe-farm/3535" title="See more products from Glebe Farm" class="js-pjax">
                        Glebe Farm
                    </a></h4><h3 class="product-item__name zeta face-normal | flush--bottom"><a href="/en/product/muesli-de-avena-con-fruta-sin-gluten-glebe-farm/30348" title="Buy Oatmeal Muesli with Gluten Free Fruit Glebe Farm" class="js-article-link | js-pjax">
                        Oatmeal Muesli with Gluten Free Fruit Glebe …
                    </a><span class="product-item__info weak-text-color"><small class="product-item__units nano">400 gr</small><small class="product-item__ppu nano"> | €16.13 / kg.</small></span></h3></hgroup></div><div class="flexbox | soft-half--sides"><div class="flexbox__item"></div><div class="flexbox__item | text--right"><div class="dropdown | dropdown__menu--right | js-dropdown-toggle" data-json='{"followMouse": true, "target": "#product_dropdown", "noClose": true}'><a class="dropdown__toggle | nano | nauru flush--bottom | is-hidden-if-no-js js-show-customer-lists" href="/en/account/lists/" ><i class="icon icon--plus"></i> Add to list
                    </a></div></div></div></div><div class="product-item__shop product-grid__footer | islet "><form class="float--right" action="/en/cart/product/30348" method="post"><span class="product-grid-footer__price"><strong class="product-item__price"><span class="delta">6</span><span class="milli">,45 €</span></strong></span><span class="product-grid-footer__buttons"><button class="btn btn--small btn--remove-circle | is-hidden | js-remove-from-cart "></button><button type="submit" class="btn btn--shop btn--shop-mobile-circle js-add-to-cart |  " data-can-buy-classes="btn--shop btn--shop-mobile-circle" data-can-buy-text="Add" data-can-not-buy-text="More info"
                        data-has-promo="0"><span class="btn--shop__text js-btn-text">Add</span></button></span></form></div></article></div><div class="grid__item m-one-whole t-one-third d-one-third dw-one-quarter | js-product-grid-grid"><article class="js-product-item js-article |  product-item product-item--grid | js-product-container js-article js-article-12710 product-item--grid margin-trailer-1"
     id="product-12710"
     data-product-name="Cereals without Gluten Choco Bites ProCeli"
     data-product-id="12710"
     data-price="4.1"
     data-position="5"
     data-product-brand="Proceli"
     data-list-type="Campaign Listing"
     ><div class="product-item__main"><div class="in-cart-quantity | js-in-cart-quantity is-hidden"></div><div class="product-item__offer"></div><div class="badge-container"></div><a class="product-item__image nauru js-pjax js-article-link" href="/en/product/cereales-sin-gluten-choco-bites-proceli/12710" title="Buy Cereals without Gluten Choco Bites ProCeli"><img src="/img/pixel.png" data-src="https://static.ulabox.com/media/130978_m1.jpg" class="lazy" alt="Cereals without Gluten Choco Bites ProCeli" width="160"></a><div class="islet"><hgroup class="product-item__title"><h4 class="product-item__brand micro | push-half--bottom"><a href="/en/brand/proceli/1805" title="See more products from Proceli" class="js-pjax">
                        Proceli
                    </a></h4><h3 class="product-item__name zeta face-normal | flush--bottom"><a href="/en/product/cereales-sin-gluten-choco-bites-proceli/12710" title="Buy Cereals without Gluten Choco Bites ProCeli" class="js-article-link | js-pjax">
                        Cereals without Gluten Choco Bites ProCeli
                    </a><span class="product-item__info weak-text-color"><small class="product-item__units nano">225 gr</small><small class="product-item__ppu nano"> | €18.22 / kg.</small></span></h3></hgroup></div><div class="flexbox | soft-half--sides"><div class="flexbox__item"><div class="star-rating star-rating--small"><div class="current-rating current-rating--5"><i class="star-rating__star"></i></div></div><a class="review-count-bubble review-count-bubble--compact | pico | flush--bottom push-half--left" href="/en/product/cereales-sin-gluten-choco-bites-proceli/12710#reviews" title="See review on Cereals without Gluten Choco Bites ProCeli">1</a></div><div class="flexbox__item | text--right"><div class="dropdown | dropdown__menu--right | js-dropdown-toggle" data-json='{"followMouse": true, "target": "#product_dropdown", "noClose": true}'><a class="dropdown__toggle | nano | nauru flush--bottom | is-hidden-if-no-js js-show-customer-lists" href="/en/account/lists/" ><i class="icon icon--plus"></i> Add to list
                    </a></div></div></div></div><div class="product-item__shop product-grid__footer | islet "><form class="float--right" action="/en/cart/product/12710" method="post"><span class="product-grid-footer__price"><strong class="product-item__price"><span class="delta">4</span><span class="milli">,10 €</span></strong></span><span class="product-grid-footer__buttons"><button class="btn btn--small btn--remove-circle | is-hidden | js-remove-from-cart "></button><button type="submit" class="btn btn--shop btn--shop-mobile-circle js-add-to-cart |  " data-can-buy-classes="btn--shop btn--shop-mobile-circle" data-can-buy-text="Add" data-can-not-buy-text="More info"
                        data-has-promo="0"><span class="btn--shop__text js-btn-text">Add</span></button></span></form></div></article></div><div class="grid__item m-one-whole t-one-third d-one-third dw-one-quarter | js-product-grid-grid"><article class="js-product-item js-article |  product-item product-item--grid | js-product-container js-article js-article-16151 product-item--grid margin-trailer-1"
     id="product-16151"
     data-product-name="Cerebral Bars Bathed in Black Choco without Gluten Sarialis"
     data-product-id="16151"
     data-price="2.8"
     data-position="6"
     data-product-brand="Bicentury"
     data-list-type="Campaign Listing"
     ><div class="product-item__main"><div class="in-cart-quantity | js-in-cart-quantity is-hidden"></div><div class="product-item__offer"></div><div class="badge-container"></div><a class="product-item__image nauru js-pjax js-article-link" href="/en/product/barritas-cererales-sin-gluten-banadas-en-choco-negro-sarialis/16151" title="Buy Cerebral Bars Bathed in Black Choco without Gluten Sarialis"><img src="/img/pixel.png" data-src="https://static.ulabox.com/media/34507_m1.jpg" class="lazy" alt="Cerebral Bars Bathed in Black Choco without Gluten Sarialis" width="160"></a><div class="islet"><hgroup class="product-item__title"><h4 class="product-item__brand micro | push-half--bottom"><a href="/en/brand/bicentury/1333" title="See more products from Bicentury" class="js-pjax">
                        Bicentury
                    </a></h4><h3 class="product-item__name zeta face-normal | flush--bottom"><a href="/en/product/barritas-cererales-sin-gluten-banadas-en-choco-negro-sarialis/16151" title="Buy Cerebral Bars Bathed in Black Choco without Gluten Sarialis" class="js-article-link | js-pjax">
                        Cerebral Bars Bathed in Black Choco without …
                    </a><span class="product-item__info weak-text-color"><small class="product-item__units nano">102 gr</small><small class="product-item__ppu nano"> | €27.45 / kg.</small></span></h3></hgroup></div><div class="flexbox | soft-half--sides"><div class="flexbox__item"><div class="star-rating star-rating--small"><div class="current-rating current-rating--4"><i class="star-rating__star"></i></div></div></div><div class="flexbox__item | text--right"><div class="dropdown | dropdown__menu--right | js-dropdown-toggle" data-json='{"followMouse": true, "target": "#product_dropdown", "noClose": true}'><a class="dropdown__toggle | nano | nauru flush--bottom | is-hidden-if-no-js js-show-customer-lists" href="/en/account/lists/" ><i class="icon icon--plus"></i> Add to list
                    </a></div></div></div></div><div class="product-item__shop product-grid__footer | islet "><form class="float--right" action="/en/cart/product/16151" method="post"><span class="product-grid-footer__price"><strong class="product-item__price"><span class="delta">2</span><span class="milli">,80 €</span></strong></span><span class="product-grid-footer__buttons"><button class="btn btn--small btn--remove-circle | is-hidden | js-remove-from-cart "></button><button type="submit" class="btn btn--shop btn--shop-mobile-circle js-add-to-cart |  " data-can-buy-classes="btn--shop btn--shop-mobile-circle" data-can-buy-text="Add" data-can-not-buy-text="More info"
                        data-has-promo="0"><span class="btn--shop__text js-btn-text">Add</span></button></span></form></div></article></div><div class="grid__item m-one-whole t-one-third d-one-third dw-one-quarter | js-product-grid-grid"><article class="js-product-item js-article |  product-item product-item--grid | js-product-container js-article js-article-3248 product-item--grid margin-trailer-1"
     id="product-3248"
     data-product-name="DIET Rádisson Corn Pancakes with Black Choco without Gluten"
     data-product-id="3248"
     data-price="2.59"
     data-position="7"
     data-product-brand="DIET Rádisson"
     data-list-type="Campaign Listing"
     ><div class="product-item__main"><div class="in-cart-quantity | js-in-cart-quantity is-hidden"></div><div class="product-item__offer"></div><div class="badge-container"></div><a class="product-item__image nauru js-pjax js-article-link" href="/en/product/diet-radisson-tortitas-de-maiz-con-choco-negro-sin-gluten/3248" title="Buy DIET Rádisson Corn Pancakes with Black Choco without Gluten"><img src="/img/pixel.png" data-src="https://static.ulabox.com/media/75845_m1.jpg" class="lazy" alt="DIET Rádisson Corn Pancakes with Black Choco without Gluten" width="160"></a><div class="islet"><hgroup class="product-item__title"><h4 class="product-item__brand micro | push-half--bottom"><a href="/en/brand/diet-radisson/834" title="See more products from DIET Rádisson" class="js-pjax">
                        DIET Rádisson
                    </a></h4><h3 class="product-item__name zeta face-normal | flush--bottom"><a href="/en/product/diet-radisson-tortitas-de-maiz-con-choco-negro-sin-gluten/3248" title="Buy DIET Rádisson Corn Pancakes with Black Choco without Gluten" class="js-article-link | js-pjax">
                        DIET Rádisson Corn Pancakes with Black Choco …
                    </a><span class="product-item__info weak-text-color"><small class="product-item__units nano">125 gr</small><small class="product-item__ppu nano"> | €20.72 / kg.</small></span></h3></hgroup></div><div class="flexbox | soft-half--sides"><div class="flexbox__item"></div><div class="flexbox__item | text--right"><div class="dropdown | dropdown__menu--right | js-dropdown-toggle" data-json='{"followMouse": true, "target": "#product_dropdown", "noClose": true}'><a class="dropdown__toggle | nano | nauru flush--bottom | is-hidden-if-no-js js-show-customer-lists" href="/en/account/lists/" ><i class="icon icon--plus"></i> Add to list
                    </a></div></div></div></div><div class="product-item__shop product-grid__footer | islet "><form class="float--right" action="/en/cart/product/3248" method="post"><span class="product-grid-footer__price"><strong class="product-item__price"><span class="delta">2</span><span class="milli">,59 €</span></strong></span><span class="product-grid-footer__buttons"><button class="btn btn--small btn--remove-circle | is-hidden | js-remove-from-cart "></button><button type="submit" class="btn btn--shop btn--shop-mobile-circle js-add-to-cart |  " data-can-buy-classes="btn--shop btn--shop-mobile-circle" data-can-buy-text="Add" data-can-not-buy-text="More info"
                        data-has-promo="0"><span class="btn--shop__text js-btn-text">Add</span></button></span></form></div></article></div><div class="grid__item m-one-whole t-one-third d-one-third dw-one-quarter | js-product-grid-grid"><article class="js-product-item js-article |  product-item product-item--grid | js-product-container js-article js-article-3246 product-item--grid margin-trailer-1"
     id="product-3246"
     data-product-name="DIET Rádisson Rice Pancakes with Black Chocolate and Gluten Free Coconut"
     data-product-id="3246"
     data-price="2.55"
     data-position="8"
     data-product-brand="DIET Rádisson"
     data-list-type="Campaign Listing"
     ><div class="product-item__main"><div class="in-cart-quantity | js-in-cart-quantity is-hidden"></div><div class="product-item__offer"></div><div class="badge-container"></div><a class="product-item__image nauru js-pjax js-article-link" href="/en/product/diet-radisson-tortitas-de-arroz-con-chocolate-negro-y-coco-sin-gluten/3246" title="Buy DIET Rádisson Rice Pancakes with Black Chocolate and Gluten Free Coconut"><img src="/img/pixel.png" data-src="https://static.ulabox.com/media/75841_m1.jpg" class="lazy" alt="DIET Rádisson Rice Pancakes with Black Chocolate and Gluten Free Coconut" width="160"></a><div class="islet"><hgroup class="product-item__title"><h4 class="product-item__brand micro | push-half--bottom"><a href="/en/brand/diet-radisson/834" title="See more products from DIET Rádisson" class="js-pjax">
                        DIET Rádisson
                    </a></h4><h3 class="product-item__name zeta face-normal | flush--bottom"><a href="/en/product/diet-radisson-tortitas-de-arroz-con-chocolate-negro-y-coco-sin-gluten/3246" title="Buy DIET Rádisson Rice Pancakes with Black Chocolate and Gluten Free Coconut" class="js-article-link | js-pjax">
                        DIET Rádisson Rice Pancakes with Black Chocolate …
                    </a><span class="product-item__info weak-text-color"><small class="product-item__units nano">135 gr</small><small class="product-item__ppu nano"> | €18.89 / kg.</small></span></h3></hgroup></div><div class="flexbox | soft-half--sides"><div class="flexbox__item"></div><div class="flexbox__item | text--right"><div class="dropdown | dropdown__menu--right | js-dropdown-toggle" data-json='{"followMouse": true, "target": "#product_dropdown", "noClose": true}'><a class="dropdown__toggle | nano | nauru flush--bottom | is-hidden-if-no-js js-show-customer-lists" href="/en/account/lists/" ><i class="icon icon--plus"></i> Add to list
                    </a></div></div></div></div><div class="product-item__shop product-grid__footer | islet "><form class="float--right" action="/en/cart/product/3246" method="post"><span class="product-grid-footer__price"><strong class="product-item__price"><span class="delta">2</span><span class="milli">,55 €</span></strong></span><span class="product-grid-footer__buttons"><button class="btn btn--small btn--remove-circle | is-hidden | js-remove-from-cart "></button><button type="submit" class="btn btn--shop btn--shop-mobile-circle js-add-to-cart |  " data-can-buy-classes="btn--shop btn--shop-mobile-circle" data-can-buy-text="Add" data-can-not-buy-text="More info"
                        data-has-promo="0"><span class="btn--shop__text js-btn-text">Add</span></button></span></form></div></article></div><div class="grid__item m-one-whole t-one-third d-one-third dw-one-quarter | js-product-grid-grid"><article class="js-product-item js-article |  product-item product-item--grid | js-product-container js-article js-article-3245 product-item--grid margin-trailer-1"
     id="product-3245"
     data-product-name="DIET Rádisson Rice Pancakes with Choco with Milk without Gluten"
     data-product-id="3245"
     data-price="2.25"
     data-position="9"
     data-product-brand="DIET Rádisson"
     data-list-type="Campaign Listing"
     ><div class="product-item__main"><div class="in-cart-quantity | js-in-cart-quantity is-hidden"></div><div class="product-item__offer"></div><div class="badge-container"></div><a class="product-item__image nauru js-pjax js-article-link" href="/en/product/diet-radisson-tortitas-de-arroz-con-choco-con-leche-sin-gluten/3245" title="Buy DIET Rádisson Rice Pancakes with Choco with Milk without Gluten"><img src="/img/pixel.png" data-src="https://static.ulabox.com/media/64622_m1.jpg" class="lazy" alt="DIET Rádisson Rice Pancakes with Choco with Milk without Gluten" width="160"></a><div class="islet"><hgroup class="product-item__title"><h4 class="product-item__brand micro | push-half--bottom"><a href="/en/brand/diet-radisson/834" title="See more products from DIET Rádisson" class="js-pjax">
                        DIET Rádisson
                    </a></h4><h3 class="product-item__name zeta face-normal | flush--bottom"><a href="/en/product/diet-radisson-tortitas-de-arroz-con-choco-con-leche-sin-gluten/3245" title="Buy DIET Rádisson Rice Pancakes with Choco with Milk without Gluten" class="js-article-link | js-pjax">
                        DIET Rádisson Rice Pancakes with Choco with …
                    </a><span class="product-item__info weak-text-color"><small class="product-item__units nano">135 gr</small><small class="product-item__ppu nano"> | €16.67 / kg.</small></span></h3></hgroup></div><div class="flexbox | soft-half--sides"><div class="flexbox__item"><div class="star-rating star-rating--small"><div class="current-rating current-rating--5"><i class="star-rating__star"></i></div></div></div><div class="flexbox__item | text--right"><div class="dropdown | dropdown__menu--right | js-dropdown-toggle" data-json='{"followMouse": true, "target": "#product_dropdown", "noClose": true}'><a class="dropdown__toggle | nano | nauru flush--bottom | is-hidden-if-no-js js-show-customer-lists" href="/en/account/lists/" ><i class="icon icon--plus"></i> Add to list
                    </a></div></div></div></div><div class="product-item__shop product-grid__footer | islet "><form class="float--right" action="/en/cart/product/3245" method="post"><span class="product-grid-footer__price"><strong class="product-item__price"><span class="delta">2</span><span class="milli">,25 €</span></strong></span><span class="product-grid-footer__buttons"><button class="btn btn--small btn--remove-circle | is-hidden | js-remove-from-cart "></button><button type="submit" class="btn btn--shop btn--shop-mobile-circle js-add-to-cart |  " data-can-buy-classes="btn--shop btn--shop-mobile-circle" data-can-buy-text="Add" data-can-not-buy-text="More info"
                        data-has-promo="0"><span class="btn--shop__text js-btn-text">Add</span></button></span></form></div></article></div><div class="grid__item m-one-whole t-one-third d-one-third dw-one-quarter | js-product-grid-grid"><article class="js-product-item js-article |  product-item product-item--grid | js-product-container js-article js-article-39692 product-item--grid margin-trailer-1"
     id="product-39692"
     data-product-name="Cereals Flakes of Rice and Corn without Gluten Schär"
     data-product-id="39692"
     data-price="3.99"
     data-position="10"
     data-product-brand="Schär"
     data-list-type="Campaign Listing"
     ><div class="product-item__main"><div class="in-cart-quantity | js-in-cart-quantity is-hidden"></div><div class="product-item__offer"></div><div class="badge-container"></div><a class="product-item__image nauru js-pjax js-article-link" href="/en/product/cereales-flakes-de-arroz-y-maiz-sin-gluten-schaer/39692" title="Buy Cereals Flakes of Rice and Corn without Gluten Schär"><img src="/img/pixel.png" data-src="https://static.ulabox.com/media/88314_m1.jpg" class="lazy" alt="Cereals Flakes of Rice and Corn without Gluten Schär" width="160"></a><div class="islet"><hgroup class="product-item__title"><h4 class="product-item__brand micro | push-half--bottom"><a href="/en/brand/schaer/1742" title="See more products from Schär" class="js-pjax">
                        Schär
                    </a></h4><h3 class="product-item__name zeta face-normal | flush--bottom"><a href="/en/product/cereales-flakes-de-arroz-y-maiz-sin-gluten-schaer/39692" title="Buy Cereals Flakes of Rice and Corn without Gluten Schär" class="js-article-link | js-pjax">
                        Cereals Flakes of Rice and Corn without Gluten …
                    </a><span class="product-item__info weak-text-color"><small class="product-item__units nano">300 gr</small><small class="product-item__ppu nano"> | €13.30 / kg.</small></span></h3></hgroup></div><div class="flexbox | soft-half--sides"><div class="flexbox__item"></div><div class="flexbox__item | text--right"><div class="dropdown | dropdown__menu--right | js-dropdown-toggle" data-json='{"followMouse": true, "target": "#product_dropdown", "noClose": true}'><a class="dropdown__toggle | nano | nauru flush--bottom | is-hidden-if-no-js js-show-customer-lists" href="/en/account/lists/" ><i class="icon icon--plus"></i> Add to list
                    </a></div></div></div></div><div class="product-item__shop product-grid__footer | islet "><form class="float--right" action="/en/cart/product/39692" method="post"><span class="product-grid-footer__price"><strong class="product-item__price"><span class="delta">3</span><span class="milli">,99 €</span></strong></span><span class="product-grid-footer__buttons"><button class="btn btn--small btn--remove-circle | is-hidden | js-remove-from-cart "></button><button type="submit" class="btn btn--shop btn--shop-mobile-circle js-add-to-cart |  " data-can-buy-classes="btn--shop btn--shop-mobile-circle" data-can-buy-text="Add" data-can-not-buy-text="More info"
                        data-has-promo="0"><span class="btn--shop__text js-btn-text">Add</span></button></span></form></div></article></div><div class="grid__item m-one-whole t-one-third d-one-third dw-one-quarter | js-product-grid-grid"><article class="js-product-item js-article |  product-item product-item--grid | js-product-container js-article js-article-39181 product-item--grid margin-trailer-1"
     id="product-39181"
     data-product-name="Fine Oat Flakes without Gluten Eco Veritas 500g"
     data-product-id="39181"
     data-price="2.45"
     data-position="11"
     data-product-brand="Veritas"
     data-list-type="Campaign Listing"
     ><div class="product-item__main"><div class="in-cart-quantity | js-in-cart-quantity is-hidden"></div><div class="product-item__offer"></div><div class="badge-container"></div><a class="product-item__image nauru js-pjax js-article-link" href="/en/product/copos-avena-finos-sin-gluten-eco-veritas-500g/39181" title="Buy Fine Oat Flakes without Gluten Eco Veritas 500g"><img src="/img/pixel.png" data-src="https://static.ulabox.com/media/86206_m1.jpg" class="lazy" alt="Fine Oat Flakes without Gluten Eco Veritas 500g" width="160"></a><div class="islet"><hgroup class="product-item__title"><h4 class="product-item__brand micro | push-half--bottom"><a href="/en/brand/veritas/3792" title="See more products from Veritas" class="js-pjax">
                        Veritas
                    </a></h4><h3 class="product-item__name zeta face-normal | flush--bottom"><a href="/en/product/copos-avena-finos-sin-gluten-eco-veritas-500g/39181" title="Buy Fine Oat Flakes without Gluten Eco Veritas 500g" class="js-article-link | js-pjax">
                        Fine Oat Flakes without Gluten Eco Veritas …
                    </a><span class="product-item__info weak-text-color"><small class="product-item__units nano">500 gr</small><small class="product-item__ppu nano"> | €4.90 / kg.</small><a
          class="tag tag-eco  tag--small push-half--left"
          href="/en/filter/eco"
          title="eco"
        >
          Organic
        </a></span></h3></hgroup></div><div class="flexbox | soft-half--sides"><div class="flexbox__item"><div class="star-rating star-rating--small"><div class="current-rating current-rating--5"><i class="star-rating__star"></i></div></div></div><div class="flexbox__item | text--right"><div class="dropdown | dropdown__menu--right | js-dropdown-toggle" data-json='{"followMouse": true, "target": "#product_dropdown", "noClose": true}'><a class="dropdown__toggle | nano | nauru flush--bottom | is-hidden-if-no-js js-show-customer-lists" href="/en/account/lists/" ><i class="icon icon--plus"></i> Add to list
                    </a></div></div></div></div><div class="product-item__shop product-grid__footer | islet "><form class="float--right" action="/en/cart/product/39181" method="post"><span class="product-grid-footer__price"><strong class="product-item__price"><span class="delta">2</span><span class="milli">,45 €</span></strong></span><span class="product-grid-footer__buttons"><button class="btn btn--small btn--remove-circle | is-hidden | js-remove-from-cart "></button><button type="submit" class="btn btn--shop btn--shop-mobile-circle js-add-to-cart |  " data-can-buy-classes="btn--shop btn--shop-mobile-circle" data-can-buy-text="Add" data-can-not-buy-text="More info"
                        data-has-promo="0"><span class="btn--shop__text js-btn-text">Add</span></button></span></form></div></article></div><div class="grid__item m-one-whole t-one-third d-one-third dw-one-quarter | js-product-grid-grid"><article class="js-product-item js-article |  product-item product-item--grid | js-product-container js-article js-article-30349 product-item--grid margin-trailer-1"
     id="product-30349"
     data-product-name="Crunchy Oatmeal Muesli with Gluten Free Strawberries Glebe Farm"
     data-product-id="30349"
     data-price="6.79"
     data-position="12"
     data-product-brand="Glebe Farm"
     data-list-type="Campaign Listing"
     ><div class="product-item__main"><div class="in-cart-quantity | js-in-cart-quantity is-hidden"></div><div class="product-item__offer"></div><div class="badge-container"></div><a class="product-item__image nauru js-pjax js-article-link" href="/en/product/crunchy-muesli-de-avena-con-fresas-sin-gluten-glebe-farm/30349" title="Buy Crunchy Oatmeal Muesli with Gluten Free Strawberries Glebe Farm"><img src="/img/pixel.png" data-src="https://static.ulabox.com/media/64502_m1.jpg" class="lazy" alt="Crunchy Oatmeal Muesli with Gluten Free Strawberries Glebe Farm" width="160"></a><div class="islet"><hgroup class="product-item__title"><h4 class="product-item__brand micro | push-half--bottom"><a href="/en/brand/glebe-farm/3535" title="See more products from Glebe Farm" class="js-pjax">
                        Glebe Farm
                    </a></h4><h3 class="product-item__name zeta face-normal | flush--bottom"><a href="/en/product/crunchy-muesli-de-avena-con-fresas-sin-gluten-glebe-farm/30349" title="Buy Crunchy Oatmeal Muesli with Gluten Free Strawberries Glebe Farm" class="js-article-link | js-pjax">
                        Crunchy Oatmeal Muesli with Gluten Free Strawberries …
                    </a><span class="product-item__info weak-text-color"><small class="product-item__units nano">325 gr</small><small class="product-item__ppu nano"> | €20.89 / kg.</small></span></h3></hgroup></div><div class="flexbox | soft-half--sides"><div class="flexbox__item"></div><div class="flexbox__item | text--right"><div class="dropdown | dropdown__menu--right | js-dropdown-toggle" data-json='{"followMouse": true, "target": "#product_dropdown", "noClose": true}'><a class="dropdown__toggle | nano | nauru flush--bottom | is-hidden-if-no-js js-show-customer-lists" href="/en/account/lists/" ><i class="icon icon--plus"></i> Add to list
                    </a></div></div></div></div><div class="product-item__shop product-grid__footer | islet "><form class="float--right" action="/en/cart/product/30349" method="post"><span class="product-grid-footer__price"><strong class="product-item__price"><span class="delta">6</span><span class="milli">,79 €</span></strong></span><span class="product-grid-footer__buttons"><button class="btn btn--small btn--remove-circle | is-hidden | js-remove-from-cart "></button><button type="submit" class="btn btn--shop btn--shop-mobile-circle js-add-to-cart |  " data-can-buy-classes="btn--shop btn--shop-mobile-circle" data-can-buy-text="Add" data-can-not-buy-text="More info"
                        data-has-promo="0"><span class="btn--shop__text js-btn-text">Add</span></button></span></form></div></article></div><div class="grid__item m-one-whole t-one-third d-one-third dw-one-quarter | js-product-grid-grid"><article class="js-product-item js-article |  product-item product-item--grid | js-product-container js-article js-article-30351 product-item--grid margin-trailer-1"
     id="product-30351"
     data-product-name="Crunchy Gluten-Free Glebe Farm , Banana and Maple Muesli Glebe Farm"
     data-product-id="30351"
     data-price="6.79"
     data-position="13"
     data-product-brand="Glebe Farm"
     data-list-type="Campaign Listing"
     ><div class="product-item__main"><div class="in-cart-quantity | js-in-cart-quantity is-hidden"></div><div class="product-item__offer"></div><div class="badge-container"></div><a class="product-item__image nauru js-pjax js-article-link" href="/en/product/crunchy-muesli-de-avena-platano-y-arce-sin-gluten-glebe-farm/30351" title="Buy Crunchy Gluten-Free Glebe Farm , Banana and Maple Muesli Glebe Farm"><img src="/img/pixel.png" data-src="https://static.ulabox.com/media/64505_m1.jpg" class="lazy" alt="Crunchy Gluten-Free Glebe Farm , Banana and Maple Muesli Glebe Farm" width="160"></a><div class="islet"><hgroup class="product-item__title"><h4 class="product-item__brand micro | push-half--bottom"><a href="/en/brand/glebe-farm/3535" title="See more products from Glebe Farm" class="js-pjax">
                        Glebe Farm
                    </a></h4><h3 class="product-item__name zeta face-normal | flush--bottom"><a href="/en/product/crunchy-muesli-de-avena-platano-y-arce-sin-gluten-glebe-farm/30351" title="Buy Crunchy Gluten-Free Glebe Farm , Banana and Maple Muesli Glebe Farm" class="js-article-link | js-pjax">
                        Crunchy Gluten-Free Glebe Farm , Banana and …
                    </a><span class="product-item__info weak-text-color"><small class="product-item__units nano">325 gr</small><small class="product-item__ppu nano"> | €20.89 / kg.</small></span></h3></hgroup></div><div class="flexbox | soft-half--sides"><div class="flexbox__item"><div class="star-rating star-rating--small"><div class="current-rating current-rating--4"><i class="star-rating__star"></i></div></div></div><div class="flexbox__item | text--right"><div class="dropdown | dropdown__menu--right | js-dropdown-toggle" data-json='{"followMouse": true, "target": "#product_dropdown", "noClose": true}'><a class="dropdown__toggle | nano | nauru flush--bottom | is-hidden-if-no-js js-show-customer-lists" href="/en/account/lists/" ><i class="icon icon--plus"></i> Add to list
                    </a></div></div></div></div><div class="product-item__shop product-grid__footer | islet "><form class="float--right" action="/en/cart/product/30351" method="post"><span class="product-grid-footer__price"><strong class="product-item__price"><span class="delta">6</span><span class="milli">,79 €</span></strong></span><span class="product-grid-footer__buttons"><button class="btn btn--small btn--remove-circle | is-hidden | js-remove-from-cart "></button><button type="submit" class="btn btn--shop btn--shop-mobile-circle js-add-to-cart |  " data-can-buy-classes="btn--shop btn--shop-mobile-circle" data-can-buy-text="Add" data-can-not-buy-text="More info"
                        data-has-promo="0"><span class="btn--shop__text js-btn-text">Add</span></button></span></form></div></article></div><div class="grid__item m-one-whole t-one-third d-one-third dw-one-quarter | js-product-grid-grid"><article class="js-product-item js-article |  product-item product-item--grid | js-product-container js-article js-article-39603 product-item--grid margin-trailer-1"
     id="product-39603"
     data-product-name="Muesli with Chocolate and Coconut without Gluten Muesli Up"
     data-product-id="39603"
     data-price="4.59"
     data-position="14"
     data-product-brand="Muesli Up"
     data-list-type="Campaign Listing"
     ><div class="product-item__main"><div class="in-cart-quantity | js-in-cart-quantity is-hidden"></div><div class="product-item__offer"></div><div class="badge-container"></div><a class="product-item__image nauru js-pjax js-article-link" href="/en/product/muesli-con-chocolate-y-coco-sin-gluten-muesli-up/39603" title="Buy Muesli with Chocolate and Coconut without Gluten Muesli Up"><img src="/img/pixel.png" data-src="https://static.ulabox.com/media/87826_m1.jpg" class="lazy" alt="Muesli with Chocolate and Coconut without Gluten Muesli Up" width="160"></a><div class="islet"><hgroup class="product-item__title"><h4 class="product-item__brand micro | push-half--bottom"><a href="/en/brand/muesli-up/4238" title="See more products from Muesli Up" class="js-pjax">
                        Muesli Up
                    </a></h4><h3 class="product-item__name zeta face-normal | flush--bottom"><a href="/en/product/muesli-con-chocolate-y-coco-sin-gluten-muesli-up/39603" title="Buy Muesli with Chocolate and Coconut without Gluten Muesli Up" class="js-article-link | js-pjax">
                        Muesli with Chocolate and Coconut without …
                    </a><span class="product-item__info weak-text-color"><small class="product-item__units nano">350 gr</small><small class="product-item__ppu nano"> | €13.11 / kg.</small></span></h3></hgroup></div><div class="flexbox | soft-half--sides"><div class="flexbox__item"></div><div class="flexbox__item | text--right"><div class="dropdown | dropdown__menu--right | js-dropdown-toggle" data-json='{"followMouse": true, "target": "#product_dropdown", "noClose": true}'><a class="dropdown__toggle | nano | nauru flush--bottom | is-hidden-if-no-js js-show-customer-lists" href="/en/account/lists/" ><i class="icon icon--plus"></i> Add to list
                    </a></div></div></div></div><div class="product-item__shop product-grid__footer | islet "><form class="float--right" action="/en/cart/product/39603" method="post"><span class="product-grid-footer__price"><strong class="product-item__price"><span class="delta">4</span><span class="milli">,59 €</span></strong></span><span class="product-grid-footer__buttons"><button class="btn btn--small btn--remove-circle | is-hidden | js-remove-from-cart "></button><button type="submit" class="btn btn--shop btn--shop-mobile-circle js-add-to-cart |  " data-can-buy-classes="btn--shop btn--shop-mobile-circle" data-can-buy-text="Add" data-can-not-buy-text="More info"
                        data-has-promo="0"><span class="btn--shop__text js-btn-text">Add</span></button></span></form></div></article></div><div class="grid__item m-one-whole t-one-third d-one-third dw-one-quarter | js-product-grid-grid"><article class="js-product-item js-article |  product-item product-item--grid | js-product-container js-article js-article-39601 product-item--grid margin-trailer-1"
     id="product-39601"
     data-product-name="Basic Muesli without Sugar without Gluten Muesli Up"
     data-product-id="39601"
     data-price="3.25"
     data-position="15"
     data-product-brand="Muesli Up"
     data-list-type="Campaign Listing"
     ><div class="product-item__main"><div class="in-cart-quantity | js-in-cart-quantity is-hidden"></div><div class="product-item__offer"></div><div class="badge-container"></div><a class="product-item__image nauru js-pjax js-article-link" href="/en/product/muesli-basico-sin-azucar-sin-gluten-muesli-up/39601" title="Buy Basic Muesli without Sugar without Gluten Muesli Up"><img src="/img/pixel.png" data-src="https://static.ulabox.com/media/87848_m1.jpg" class="lazy" alt="Basic Muesli without Sugar without Gluten Muesli Up" width="160"></a><div class="islet"><hgroup class="product-item__title"><h4 class="product-item__brand micro | push-half--bottom"><a href="/en/brand/muesli-up/4238" title="See more products from Muesli Up" class="js-pjax">
                        Muesli Up
                    </a></h4><h3 class="product-item__name zeta face-normal | flush--bottom"><a href="/en/product/muesli-basico-sin-azucar-sin-gluten-muesli-up/39601" title="Buy Basic Muesli without Sugar without Gluten Muesli Up" class="js-article-link | js-pjax">
                        Basic Muesli without Sugar without Gluten …
                    </a><span class="product-item__info weak-text-color"><small class="product-item__units nano">350 gr</small><small class="product-item__ppu nano"> | €9.29 / kg.</small></span></h3></hgroup></div><div class="flexbox | soft-half--sides"><div class="flexbox__item"></div><div class="flexbox__item | text--right"><div class="dropdown | dropdown__menu--right | js-dropdown-toggle" data-json='{"followMouse": true, "target": "#product_dropdown", "noClose": true}'><a class="dropdown__toggle | nano | nauru flush--bottom | is-hidden-if-no-js js-show-customer-lists" href="/en/account/lists/" ><i class="icon icon--plus"></i> Add to list
                    </a></div></div></div></div><div class="product-item__shop product-grid__footer | islet "><form class="float--right" action="/en/cart/product/39601" method="post"><span class="product-grid-footer__price"><strong class="product-item__price"><span class="delta">3</span><span class="milli">,25 €</span></strong></span><span class="product-grid-footer__buttons"><button class="btn btn--small btn--remove-circle | is-hidden | js-remove-from-cart "></button><button type="submit" class="btn btn--shop btn--shop-mobile-circle js-add-to-cart |  " data-can-buy-classes="btn--shop btn--shop-mobile-circle" data-can-buy-text="Add" data-can-not-buy-text="More info"
                        data-has-promo="0"><span class="btn--shop__text js-btn-text">Add</span></button></span></form></div></article></div><div class="grid__item m-one-whole t-one-third d-one-third dw-one-quarter | js-product-grid-grid"><article class="js-product-item js-article |  product-item product-item--grid | js-product-container js-article js-article-45656 product-item--grid margin-trailer-1"
     id="product-45656"
     data-product-name="Gluten Free Almond and Cranberry Natursoy 3 Natursoy"
     data-product-id="45656"
     data-price="3.99"
     data-position="16"
     data-product-brand="Natursoy"
     data-list-type="Campaign Listing"
     ><div class="product-item__main"><div class="in-cart-quantity | js-in-cart-quantity is-hidden"></div><div class="product-item__offer"></div><div class="badge-container"></div><a class="product-item__image nauru js-pjax js-article-link" href="/en/product/barritas-de-almendras-y-arandanos-sin-gluten-natursoy-3-uds/45656" title="Buy Gluten Free Almond and Cranberry Natursoy 3 Natursoy"><img src="/img/pixel.png" data-src="https://static.ulabox.com/media/107810_m1.jpg" class="lazy" alt="Gluten Free Almond and Cranberry Natursoy 3 Natursoy" width="160"></a><div class="islet"><hgroup class="product-item__title"><h4 class="product-item__brand micro | push-half--bottom"><a href="/en/brand/natursoy/2936" title="See more products from Natursoy" class="js-pjax">
                        Natursoy
                    </a></h4><h3 class="product-item__name zeta face-normal | flush--bottom"><a href="/en/product/barritas-de-almendras-y-arandanos-sin-gluten-natursoy-3-uds/45656" title="Buy Gluten Free Almond and Cranberry Natursoy 3 Natursoy" class="js-article-link | js-pjax">
                        Gluten Free Almond and Cranberry Natursoy …
                    </a><span class="product-item__info weak-text-color"><small class="product-item__units nano">90 gr</small><small class="product-item__ppu nano"> | €44.33 / kg.</small><a
          class="tag tag-eco  tag--small push-half--left"
          href="/en/filter/eco"
          title="eco"
        >
          Organic
        </a></span></h3></hgroup></div><div class="flexbox | soft-half--sides"><div class="flexbox__item"></div><div class="flexbox__item | text--right"><div class="dropdown | dropdown__menu--right | js-dropdown-toggle" data-json='{"followMouse": true, "target": "#product_dropdown", "noClose": true}'><a class="dropdown__toggle | nano | nauru flush--bottom | is-hidden-if-no-js js-show-customer-lists" href="/en/account/lists/" ><i class="icon icon--plus"></i> Add to list
                    </a></div></div></div></div><div class="product-item__shop product-grid__footer | islet "><form class="float--right" action="/en/cart/product/45656" method="post"><span class="product-grid-footer__price"><strong class="product-item__price"><span class="delta">3</span><span class="milli">,99 €</span></strong></span><span class="product-grid-footer__buttons"><button class="btn btn--small btn--remove-circle | is-hidden | js-remove-from-cart "></button><button type="submit" class="btn btn--shop btn--shop-mobile-circle js-add-to-cart |  " data-can-buy-classes="btn--shop btn--shop-mobile-circle" data-can-buy-text="Add" data-can-not-buy-text="More info"
                        data-has-promo="0"><span class="btn--shop__text js-btn-text">Add</span></button></span></form></div></article></div><div class="grid__item m-one-whole t-one-third d-one-third dw-one-quarter | js-product-grid-grid"><article class="js-product-item js-article |  product-item product-item--grid | js-product-container js-article js-article-43754 product-item--grid margin-trailer-1"
     id="product-43754"
     data-product-name="Oatmeal Muesli with Red Fruits without Gluten Eco Veritas 425 gr"
     data-product-id="43754"
     data-price="3.95"
     data-position="17"
     data-product-brand="Veritas"
     data-list-type="Campaign Listing"
     ><div class="product-item__main"><div class="in-cart-quantity | js-in-cart-quantity is-hidden"></div><div class="product-item__offer"></div><div class="badge-container"></div><a class="product-item__image nauru js-pjax js-article-link" href="/en/product/muesli-de-avena-con-frutos-rojos-sin-gluten-eco-veritas-425-gr/43754" title="Buy Oatmeal Muesli with Red Fruits without Gluten Eco Veritas 425 gr"><img src="/img/pixel.png" data-src="https://static.ulabox.com/media/100325_m1.jpg" class="lazy" alt="Oatmeal Muesli with Red Fruits without Gluten Eco Veritas 425 gr" width="160"></a><div class="islet"><hgroup class="product-item__title"><h4 class="product-item__brand micro | push-half--bottom"><a href="/en/brand/veritas/3792" title="See more products from Veritas" class="js-pjax">
                        Veritas
                    </a></h4><h3 class="product-item__name zeta face-normal | flush--bottom"><a href="/en/product/muesli-de-avena-con-frutos-rojos-sin-gluten-eco-veritas-425-gr/43754" title="Buy Oatmeal Muesli with Red Fruits without Gluten Eco Veritas 425 gr" class="js-article-link | js-pjax">
                        Oatmeal Muesli with Red Fruits without Gluten …
                    </a><span class="product-item__info weak-text-color"><small class="product-item__units nano">425 gr</small><small class="product-item__ppu nano"> | €9.29 / kg.</small><a
          class="tag tag-eco  tag--small push-half--left"
          href="/en/filter/eco"
          title="eco"
        >
          Organic
        </a></span></h3></hgroup></div><div class="flexbox | soft-half--sides"><div class="flexbox__item"></div><div class="flexbox__item | text--right"><div class="dropdown | dropdown__menu--right | js-dropdown-toggle" data-json='{"followMouse": true, "target": "#product_dropdown", "noClose": true}'><a class="dropdown__toggle | nano | nauru flush--bottom | is-hidden-if-no-js js-show-customer-lists" href="/en/account/lists/" ><i class="icon icon--plus"></i> Add to list
                    </a></div></div></div></div><div class="product-item__shop product-grid__footer | islet "><form class="float--right" action="/en/cart/product/43754" method="post"><span class="product-grid-footer__price"><strong class="product-item__price"><span class="delta">3</span><span class="milli">,95 €</span></strong></span><span class="product-grid-footer__buttons"><button class="btn btn--small btn--remove-circle | is-hidden | js-remove-from-cart "></button><button type="submit" class="btn btn--shop btn--shop-mobile-circle js-add-to-cart |  " data-can-buy-classes="btn--shop btn--shop-mobile-circle" data-can-buy-text="Add" data-can-not-buy-text="More info"
                        data-has-promo="0"><span class="btn--shop__text js-btn-text">Add</span></button></span></form></div></article></div><div class="grid__item m-one-whole t-one-third d-one-third dw-one-quarter | js-product-grid-grid"><article class="js-product-item js-article |  product-item product-item--grid | js-product-container js-article js-article-39600 product-item--grid margin-trailer-1"
     id="product-39600"
     data-product-name="Fine Oat Flakes without Gluten Muesli Up"
     data-product-id="39600"
     data-price="2.99"
     data-position="18"
     data-product-brand="Muesli Up"
     data-list-type="Campaign Listing"
     ><div class="product-item__main"><div class="in-cart-quantity | js-in-cart-quantity is-hidden"></div><div class="product-item__offer"></div><div class="badge-container"></div><a class="product-item__image nauru js-pjax js-article-link" href="/en/product/copos-de-avena-finos-sin-gluten-muesli-up/39600" title="Buy Fine Oat Flakes without Gluten Muesli Up"><img src="/img/pixel.png" data-src="https://static.ulabox.com/media/87831_m1.jpg" class="lazy" alt="Fine Oat Flakes without Gluten Muesli Up" width="160"></a><div class="islet"><hgroup class="product-item__title"><h4 class="product-item__brand micro | push-half--bottom"><a href="/en/brand/muesli-up/4238" title="See more products from Muesli Up" class="js-pjax">
                        Muesli Up
                    </a></h4><h3 class="product-item__name zeta face-normal | flush--bottom"><a href="/en/product/copos-de-avena-finos-sin-gluten-muesli-up/39600" title="Buy Fine Oat Flakes without Gluten Muesli Up" class="js-article-link | js-pjax">
                        Fine Oat Flakes without Gluten Muesli Up
                    </a><span class="product-item__info weak-text-color"><small class="product-item__units nano">400 gr</small><small class="product-item__ppu nano"> | €7.48 / kg.</small></span></h3></hgroup></div><div class="flexbox | soft-half--sides"><div class="flexbox__item"></div><div class="flexbox__item | text--right"><div class="dropdown | dropdown__menu--right | js-dropdown-toggle" data-json='{"followMouse": true, "target": "#product_dropdown", "noClose": true}'><a class="dropdown__toggle | nano | nauru flush--bottom | is-hidden-if-no-js js-show-customer-lists" href="/en/account/lists/" ><i class="icon icon--plus"></i> Add to list
                    </a></div></div></div></div><div class="product-item__shop product-grid__footer | islet "><form class="float--right" action="/en/cart/product/39600" method="post"><span class="product-grid-footer__price"><strong class="product-item__price"><span class="delta">2</span><span class="milli">,99 €</span></strong></span><span class="product-grid-footer__buttons"><button class="btn btn--small btn--remove-circle | is-hidden | js-remove-from-cart "></button><button type="submit" class="btn btn--shop btn--shop-mobile-circle js-add-to-cart |  " data-can-buy-classes="btn--shop btn--shop-mobile-circle" data-can-buy-text="Add" data-can-not-buy-text="More info"
                        data-has-promo="0"><span class="btn--shop__text js-btn-text">Add</span></button></span></form></div></article></div><div class="grid__item m-one-whole t-one-third d-one-third dw-one-quarter | js-product-grid-grid"><article class="js-product-item js-article |  product-item product-item--grid | js-product-container js-article js-article-39599 product-item--grid margin-trailer-1"
     id="product-39599"
     data-product-name="Oat Flakes without Gluten Muesli Up"
     data-product-id="39599"
     data-price="2.65"
     data-position="19"
     data-product-brand="Muesli Up"
     data-list-type="Campaign Listing"
     ><div class="product-item__main"><div class="in-cart-quantity | js-in-cart-quantity is-hidden"></div><div class="product-item__offer"></div><div class="badge-container"></div><a class="product-item__image nauru js-pjax js-article-link" href="/en/product/copos-de-avena-sin-gluten-muesli-up/39599" title="Buy Oat Flakes without Gluten Muesli Up"><img src="/img/pixel.png" data-src="https://static.ulabox.com/media/87823_m1.jpg" class="lazy" alt="Oat Flakes without Gluten Muesli Up" width="160"></a><div class="islet"><hgroup class="product-item__title"><h4 class="product-item__brand micro | push-half--bottom"><a href="/en/brand/muesli-up/4238" title="See more products from Muesli Up" class="js-pjax">
                        Muesli Up
                    </a></h4><h3 class="product-item__name zeta face-normal | flush--bottom"><a href="/en/product/copos-de-avena-sin-gluten-muesli-up/39599" title="Buy Oat Flakes without Gluten Muesli Up" class="js-article-link | js-pjax">
                        Oat Flakes without Gluten Muesli Up
                    </a><span class="product-item__info weak-text-color"><small class="product-item__units nano">400 gr</small><small class="product-item__ppu nano"> | €6.63 / kg.</small></span></h3></hgroup></div><div class="flexbox | soft-half--sides"><div class="flexbox__item"></div><div class="flexbox__item | text--right"><div class="dropdown | dropdown__menu--right | js-dropdown-toggle" data-json='{"followMouse": true, "target": "#product_dropdown", "noClose": true}'><a class="dropdown__toggle | nano | nauru flush--bottom | is-hidden-if-no-js js-show-customer-lists" href="/en/account/lists/" ><i class="icon icon--plus"></i> Add to list
                    </a></div></div></div></div><div class="product-item__shop product-grid__footer | islet "><form class="float--right" action="/en/cart/product/39599" method="post"><span class="product-grid-footer__price"><strong class="product-item__price"><span class="delta">2</span><span class="milli">,65 €</span></strong></span><span class="product-grid-footer__buttons"><button class="btn btn--small btn--remove-circle | is-hidden | js-remove-from-cart "></button><button type="submit" class="btn btn--shop btn--shop-mobile-circle js-add-to-cart |  " data-can-buy-classes="btn--shop btn--shop-mobile-circle" data-can-buy-text="Add" data-can-not-buy-text="More info"
                        data-has-promo="0"><span class="btn--shop__text js-btn-text">Add</span></button></span></form></div></article></div></div></div></div><form class="js-add-to-list" autocomplete="off" action="/en/account/lists/product/new" method="post"><div class="dropdown | js-dropdown" id="product_dropdown"><a class="dropdown__toggle | js-dropdown-toggle" href="" title=""></a><div class="dropdown__menu | container-lifted | dropdown__menu--medium | dropdown__menu--right | js-dropdown-menu"><div class="milli | flush--bottom"><div class="flexbox | facet-header | container-dark | border--bottom"><strong class="flexbox__item | base-line-height | milli">
        My lists
    </strong></div><div class="js-dropdown-ajax-content"><div class="islet"><!--googleoff: all--><div class="js-customer-list-container"><div class="text--center"><span class="face-bold weak-text-color islet">In order to create lists and save products you must enter your account</span><a class="push-half--ends btn btn--primary js-pjax" href="/en/enter?back=/en/campaign/productos-sin-gluten">Access your account</a></div></div><!--googleon: all--></div><div class="is-hidden js-lists-error"><div class="alert--error | micro | "><div class="media"><div class="media__body"><i class="icon icon--info"></i>
            
                        
                                                            Sorry, we could not load your lists. Try again in a moment. 
                                    </div></div></div></div></div></div></div></div></form><header class="container-white | islet | flexbox | border--bottom" id="rice-pasta-pulses"><a class="flexbox__item | js-pjax" href="/en/campaign/productos-sin-gluten/cat=1869"><h2 class="brand-face | epsilon |  base-line-height | flush--bottom | text--left">Rice, Pasta &amp; Pulses</h2></a><a class="btn btn--tiny btn--inset | flexbox__item | float--right | js-pjax"  href="/en/campaign/productos-sin-gluten/cat=1869">
            See all&nbsp;<i class="icon icon--caret-right"></i></a></header><div id="product-list" class="js-product-list | container-light | border--bottom | clear-fix"><div class="container-light | t-island d-island dw-island"><div class="grid"><div class="grid__item m-one-whole t-one-third d-one-third dw-one-quarter | js-product-grid-grid"><article class="js-product-item js-article |  product-item product-item--grid | js-product-container js-article js-article-39101 product-item--grid margin-trailer-1"
     id="product-39101"
     data-product-name="Spaghetti without Gluten Barilla"
     data-product-id="39101"
     data-price="2.3"
     data-position="1"
     data-product-brand="Barilla"
     data-list-type="Campaign Listing"
     ><div class="product-item__main"><div class="in-cart-quantity | js-in-cart-quantity is-hidden"></div><div class="product-item__offer"></div><div class="badge-container"></div><a class="product-item__image nauru js-pjax js-article-link" href="/en/product/spaghetti-sin-gluten-barilla/39101" title="Buy Spaghetti without Gluten Barilla"><img src="/img/pixel.png" data-src="https://static.ulabox.com/media/86177_m1.jpg" class="lazy" alt="Spaghetti without Gluten Barilla" width="160"></a><div class="islet"><hgroup class="product-item__title"><h4 class="product-item__brand micro | push-half--bottom"><a href="/en/brand/barilla/863" title="See more products from Barilla" class="js-pjax">
                        Barilla
                    </a></h4><h3 class="product-item__name zeta face-normal | flush--bottom"><a href="/en/product/spaghetti-sin-gluten-barilla/39101" title="Buy Spaghetti without Gluten Barilla" class="js-article-link | js-pjax">
                        Spaghetti without Gluten Barilla
                    </a><span class="product-item__info weak-text-color"><small class="product-item__units nano">400 gr</small><small class="product-item__ppu nano"> | €5.75 / kg.</small></span></h3></hgroup></div><div class="flexbox | soft-half--sides"><div class="flexbox__item"><div class="star-rating star-rating--small"><div class="current-rating current-rating--5"><i class="star-rating__star"></i></div></div><a class="review-count-bubble review-count-bubble--compact | pico | flush--bottom push-half--left" href="/en/product/spaghetti-sin-gluten-barilla/39101#reviews" title="See review on Spaghetti without Gluten Barilla">1</a></div><div class="flexbox__item | text--right"><div class="dropdown | dropdown__menu--right | js-dropdown-toggle" data-json='{"followMouse": true, "target": "#product_dropdown", "noClose": true}'><a class="dropdown__toggle | nano | nauru flush--bottom | is-hidden-if-no-js js-show-customer-lists" href="/en/account/lists/" ><i class="icon icon--plus"></i> Add to list
                    </a></div></div></div></div><div class="product-item__shop product-grid__footer | islet "><form class="float--right" action="/en/cart/product/39101" method="post"><span class="product-grid-footer__price"><strong class="product-item__price"><span class="delta">2</span><span class="milli">,30 €</span></strong></span><span class="product-grid-footer__buttons"><button class="btn btn--small btn--remove-circle | is-hidden | js-remove-from-cart "></button><button type="submit" class="btn btn--shop btn--shop-mobile-circle js-add-to-cart |  " data-can-buy-classes="btn--shop btn--shop-mobile-circle" data-can-buy-text="Add" data-can-not-buy-text="More info"
                        data-has-promo="0"><span class="btn--shop__text js-btn-text">Add</span></button></span></form></div></article></div><div class="grid__item m-one-whole t-one-third d-one-third dw-one-quarter | js-product-grid-grid"><article class="js-product-item js-article |  product-item product-item--grid | js-product-container js-article js-article-39102 product-item--grid margin-trailer-1"
     id="product-39102"
     data-product-name="Pasta Penne Rigate without Gluten Barilla"
     data-product-id="39102"
     data-price="2.25"
     data-position="2"
     data-product-brand="Barilla"
     data-list-type="Campaign Listing"
     ><div class="product-item__main"><div class="in-cart-quantity | js-in-cart-quantity is-hidden"></div><div class="product-item__offer"></div><div class="badge-container"></div><a class="product-item__image nauru js-pjax js-article-link" href="/en/product/pasta-penne-rigate-sin-gluten-barilla/39102" title="Buy Pasta Penne Rigate without Gluten Barilla"><img src="/img/pixel.png" data-src="https://static.ulabox.com/media/86209_m1.jpg" class="lazy" alt="Pasta Penne Rigate without Gluten Barilla" width="160"></a><div class="islet"><hgroup class="product-item__title"><h4 class="product-item__brand micro | push-half--bottom"><a href="/en/brand/barilla/863" title="See more products from Barilla" class="js-pjax">
                        Barilla
                    </a></h4><h3 class="product-item__name zeta face-normal | flush--bottom"><a href="/en/product/pasta-penne-rigate-sin-gluten-barilla/39102" title="Buy Pasta Penne Rigate without Gluten Barilla" class="js-article-link | js-pjax">
                        Pasta Penne Rigate without Gluten Barilla
                    </a><span class="product-item__info weak-text-color"><small class="product-item__units nano">400 gr</small><small class="product-item__ppu nano"> | €5.63 / kg.</small></span></h3></hgroup></div><div class="flexbox | soft-half--sides"><div class="flexbox__item"></div><div class="flexbox__item | text--right"><div class="dropdown | dropdown__menu--right | js-dropdown-toggle" data-json='{"followMouse": true, "target": "#product_dropdown", "noClose": true}'><a class="dropdown__toggle | nano | nauru flush--bottom | is-hidden-if-no-js js-show-customer-lists" href="/en/account/lists/" ><i class="icon icon--plus"></i> Add to list
                    </a></div></div></div></div><div class="product-item__shop product-grid__footer | islet "><form class="float--right" action="/en/cart/product/39102" method="post"><span class="product-grid-footer__price"><strong class="product-item__price"><span class="delta">2</span><span class="milli">,25 €</span></strong></span><span class="product-grid-footer__buttons"><button class="btn btn--small btn--remove-circle | is-hidden | js-remove-from-cart "></button><button type="submit" class="btn btn--shop btn--shop-mobile-circle js-add-to-cart |  " data-can-buy-classes="btn--shop btn--shop-mobile-circle" data-can-buy-text="Add" data-can-not-buy-text="More info"
                        data-has-promo="0"><span class="btn--shop__text js-btn-text">Add</span></button></span></form></div></article></div><div class="grid__item m-one-whole t-one-third d-one-third dw-one-quarter | js-product-grid-grid"><article class="js-product-item js-article |  product-item product-item--grid | js-product-container js-article js-article-49484 product-item--grid margin-trailer-1"
     id="product-49484"
     data-product-name=" Gluten Free Spaghetti Garofalo 400gr"
     data-product-id="49484"
     data-price="2.59"
     data-position="3"
     data-product-brand="Garófalo"
     data-list-type="Campaign Listing"
     ><div class="product-item__main"><div class="in-cart-quantity | js-in-cart-quantity is-hidden"></div><strong class="product-item__offer brand-color micro ellipsis-fadeout | islet flush--bottom | m-hide">¡Bajamos el precio!</strong><div class="badge-container"></div><a class="product-item__image nauru js-pjax js-article-link" href="/en/product/spaghetti-sin-gluten-garofalo-400gr/49484" title="Buy  Gluten Free Spaghetti Garofalo 400gr"><img src="/img/pixel.png" data-src="https://static.ulabox.com/media/123822_m1.jpg" class="lazy" alt=" Gluten Free Spaghetti Garofalo 400gr" width="160"></a><div class="islet"><hgroup class="product-item__title"><h4 class="product-item__brand micro | push-half--bottom"><a href="/en/brand/garofalo/1696" title="See more products from Garófalo" class="js-pjax">
                        Garófalo
                    </a></h4><h3 class="product-item__name zeta face-normal | flush--bottom"><a href="/en/product/spaghetti-sin-gluten-garofalo-400gr/49484" title="Buy  Gluten Free Spaghetti Garofalo 400gr" class="js-article-link | js-pjax">
                         Gluten Free Spaghetti Garofalo 400gr
                    </a><span class="product-item__info weak-text-color"><small class="product-item__units nano">400 gr</small><small class="product-item__ppu nano"> | €6.48 / kg.</small></span></h3></hgroup></div><div class="flexbox | soft-half--sides"><div class="flexbox__item"></div><div class="flexbox__item | text--right"><div class="dropdown | dropdown__menu--right | js-dropdown-toggle" data-json='{"followMouse": true, "target": "#product_dropdown", "noClose": true}'><a class="dropdown__toggle | nano | nauru flush--bottom | is-hidden-if-no-js js-show-customer-lists" href="/en/account/lists/" ><i class="icon icon--plus"></i> Add to list
                    </a></div></div></div></div><div class="product-item__shop product-grid__footer | islet product-item__shop--twolines"><form class="float--right" action="/en/cart/product/49484" method="post"><span class="product-grid-footer__price"><del class="product-item__price product-item__price--old product-grid-footer__price--old nano | flush--bottom">€2.89</del><strong class="product-item__price product-item__price--new product-grid-footer__price--new brand-color"><span class="delta">2</span><span class="milli">,59 €</span></strong></span><span class="product-grid-footer__buttons"><button class="btn btn--small btn--remove-circle | is-hidden | js-remove-from-cart "></button><button type="submit" class="btn btn--shop btn--shop-mobile-circle js-add-to-cart |  " data-can-buy-classes="btn--shop btn--shop-mobile-circle" data-can-buy-text="Add" data-can-not-buy-text="More info"
                        data-has-promo="0"><span class="btn--shop__text js-btn-text">Add</span></button></span></form></div></article></div><div class="grid__item m-one-whole t-one-third d-one-third dw-one-quarter | js-product-grid-grid"><article class="js-product-item js-article |  product-item product-item--grid | js-product-container js-article js-article-7112 product-item--grid margin-trailer-1"
     id="product-7112"
     data-product-name="Spirals of Corn without Gluten Diet Radisson"
     data-product-id="7112"
     data-price="2.69"
     data-position="4"
     data-product-brand="DIET Rádisson"
     data-list-type="Campaign Listing"
     ><div class="product-item__main"><div class="in-cart-quantity | js-in-cart-quantity is-hidden"></div><div class="product-item__offer"></div><div class="badge-container"></div><a class="product-item__image nauru js-pjax js-article-link" href="/en/product/espirales-de-maiz-sin-gluten-diet-radisson/7112" title="Buy Spirals of Corn without Gluten Diet Radisson"><img src="/img/pixel.png" data-src="https://static.ulabox.com/media/51637_m1.jpg" class="lazy" alt="Spirals of Corn without Gluten Diet Radisson" width="160"></a><div class="islet"><hgroup class="product-item__title"><h4 class="product-item__brand micro | push-half--bottom"><a href="/en/brand/diet-radisson/834" title="See more products from DIET Rádisson" class="js-pjax">
                        DIET Rádisson
                    </a></h4><h3 class="product-item__name zeta face-normal | flush--bottom"><a href="/en/product/espirales-de-maiz-sin-gluten-diet-radisson/7112" title="Buy Spirals of Corn without Gluten Diet Radisson" class="js-article-link | js-pjax">
                        Spirals of Corn without Gluten Diet Radisson
                    </a><span class="product-item__info weak-text-color"><small class="product-item__units nano">250 gr</small><small class="product-item__ppu nano"> | €10.76 / kg.</small></span></h3></hgroup></div><div class="flexbox | soft-half--sides"><div class="flexbox__item"></div><div class="flexbox__item | text--right"><div class="dropdown | dropdown__menu--right | js-dropdown-toggle" data-json='{"followMouse": true, "target": "#product_dropdown", "noClose": true}'><a class="dropdown__toggle | nano | nauru flush--bottom | is-hidden-if-no-js js-show-customer-lists" href="/en/account/lists/" ><i class="icon icon--plus"></i> Add to list
                    </a></div></div></div></div><div class="product-item__shop product-grid__footer | islet "><form class="float--right" action="/en/cart/product/7112" method="post"><span class="product-grid-footer__price"><strong class="product-item__price"><span class="delta">2</span><span class="milli">,69 €</span></strong></span><span class="product-grid-footer__buttons"><button class="btn btn--small btn--remove-circle | is-hidden | js-remove-from-cart "></button><button type="submit" class="btn btn--shop btn--shop-mobile-circle js-add-to-cart |  " data-can-buy-classes="btn--shop btn--shop-mobile-circle" data-can-buy-text="Add" data-can-not-buy-text="More info"
                        data-has-promo="0"><span class="btn--shop__text js-btn-text">Add</span></button></span></form></div></article></div><div class="grid__item m-one-whole t-one-third d-one-third dw-one-quarter | js-product-grid-grid"><article class="js-product-item js-article |  product-item product-item--grid | js-product-container js-article js-article-39598 product-item--grid margin-trailer-1"
     id="product-39598"
     data-product-name="Corn and Rice Lasagna without Gluten Germinal"
     data-product-id="39598"
     data-price="5.09"
     data-position="5"
     data-product-brand="Germinal"
     data-list-type="Campaign Listing"
     ><div class="product-item__main"><div class="in-cart-quantity | js-in-cart-quantity is-hidden"></div><div class="product-item__offer"></div><div class="badge-container"></div><a class="product-item__image nauru js-pjax js-article-link" href="/en/product/lasana-de-maiz-y-arroz-sin-gluten-germinal/39598" title="Buy Corn and Rice Lasagna without Gluten Germinal"><img src="/img/pixel.png" data-src="https://static.ulabox.com/media/87864_m1.jpg" class="lazy" alt="Corn and Rice Lasagna without Gluten Germinal" width="160"></a><div class="islet"><hgroup class="product-item__title"><h4 class="product-item__brand micro | push-half--bottom"><a href="/en/brand/germinal/2623" title="See more products from Germinal" class="js-pjax">
                        Germinal
                    </a></h4><h3 class="product-item__name zeta face-normal | flush--bottom"><a href="/en/product/lasana-de-maiz-y-arroz-sin-gluten-germinal/39598" title="Buy Corn and Rice Lasagna without Gluten Germinal" class="js-article-link | js-pjax">
                        Corn and Rice Lasagna without Gluten Germinal
                    </a><span class="product-item__info weak-text-color"><small class="product-item__units nano">250 gr</small><small class="product-item__ppu nano"> | €20.36 / kg.</small><a
          class="tag tag-eco  tag--small push-half--left"
          href="/en/filter/eco"
          title="eco"
        >
          Organic
        </a></span></h3></hgroup></div><div class="flexbox | soft-half--sides"><div class="flexbox__item"></div><div class="flexbox__item | text--right"><div class="dropdown | dropdown__menu--right | js-dropdown-toggle" data-json='{"followMouse": true, "target": "#product_dropdown", "noClose": true}'><a class="dropdown__toggle | nano | nauru flush--bottom | is-hidden-if-no-js js-show-customer-lists" href="/en/account/lists/" ><i class="icon icon--plus"></i> Add to list
                    </a></div></div></div></div><div class="product-item__shop product-grid__footer | islet "><form class="float--right" action="/en/cart/product/39598" method="post"><span class="product-grid-footer__price"><strong class="product-item__price"><span class="delta">5</span><span class="milli">,09 €</span></strong></span><span class="product-grid-footer__buttons"><button class="btn btn--small btn--remove-circle | is-hidden | js-remove-from-cart "></button><button type="submit" class="btn btn--shop btn--shop-mobile-circle js-add-to-cart |  " data-can-buy-classes="btn--shop btn--shop-mobile-circle" data-can-buy-text="Add" data-can-not-buy-text="More info"
                        data-has-promo="0"><span class="btn--shop__text js-btn-text">Add</span></button></span></form></div></article></div><div class="grid__item m-one-whole t-one-third d-one-third dw-one-quarter | js-product-grid-grid"><article class="js-product-item js-article |  product-item product-item--grid | js-product-container js-article js-article-49485 product-item--grid margin-trailer-1"
     id="product-49485"
     data-product-name=" Penne Rigate Gluten Free Garofalo 400gr"
     data-product-id="49485"
     data-price="2.49"
     data-position="6"
     data-product-brand="Garófalo"
     data-list-type="Campaign Listing"
     ><div class="product-item__main"><div class="in-cart-quantity | js-in-cart-quantity is-hidden"></div><div class="product-item__offer"></div><div class="badge-container"></div><a class="product-item__image nauru js-pjax js-article-link" href="/en/product/penne-rigate-sin-gluten-garofalo-400gr/49485" title="Buy  Penne Rigate Gluten Free Garofalo 400gr"><img src="/img/pixel.png" data-src="https://static.ulabox.com/media/123823_m1.jpg" class="lazy" alt=" Penne Rigate Gluten Free Garofalo 400gr" width="160"></a><div class="islet"><hgroup class="product-item__title"><h4 class="product-item__brand micro | push-half--bottom"><a href="/en/brand/garofalo/1696" title="See more products from Garófalo" class="js-pjax">
                        Garófalo
                    </a></h4><h3 class="product-item__name zeta face-normal | flush--bottom"><a href="/en/product/penne-rigate-sin-gluten-garofalo-400gr/49485" title="Buy  Penne Rigate Gluten Free Garofalo 400gr" class="js-article-link | js-pjax">
                         Penne Rigate Gluten Free Garofalo 400gr
                    </a><span class="product-item__info weak-text-color"><small class="product-item__units nano">400 gr</small><small class="product-item__ppu nano"> | €6.23 / kg.</small></span></h3></hgroup></div><div class="flexbox | soft-half--sides"><div class="flexbox__item"></div><div class="flexbox__item | text--right"><div class="dropdown | dropdown__menu--right | js-dropdown-toggle" data-json='{"followMouse": true, "target": "#product_dropdown", "noClose": true}'><a class="dropdown__toggle | nano | nauru flush--bottom | is-hidden-if-no-js js-show-customer-lists" href="/en/account/lists/" ><i class="icon icon--plus"></i> Add to list
                    </a></div></div></div></div><div class="product-item__shop product-grid__footer | islet "><form class="float--right" action="/en/cart/product/49485" method="post"><span class="product-grid-footer__price"><strong class="product-item__price"><span class="delta">2</span><span class="milli">,49 €</span></strong></span><span class="product-grid-footer__buttons"><button class="btn btn--small btn--remove-circle | is-hidden | js-remove-from-cart "></button><button type="submit" class="btn btn--shop btn--shop-mobile-circle js-add-to-cart |  " data-can-buy-classes="btn--shop btn--shop-mobile-circle" data-can-buy-text="Add" data-can-not-buy-text="More info"
                        data-has-promo="0"><span class="btn--shop__text js-btn-text">Add</span></button></span></form></div></article></div><div class="grid__item m-one-whole t-one-third d-one-third dw-one-quarter | js-product-grid-grid"><article class="js-product-item js-article |  product-item product-item--grid | js-product-container js-article js-article-35693 product-item--grid margin-trailer-1"
     id="product-35693"
     data-product-name="Gallo Pasta Macaroni Pen without Gluten"
     data-product-id="35693"
     data-price="1.91"
     data-position="7"
     data-product-brand="Gallo"
     data-list-type="Campaign Listing"
     ><div class="product-item__main"><div class="in-cart-quantity | js-in-cart-quantity is-hidden"></div><div class="product-item__offer"></div><div class="badge-container"></div><a class="product-item__image nauru js-pjax js-article-link" href="/en/product/pasta-plumas-sin-gluten-gallo-500gr/35693" title="Buy Gallo Pasta Macaroni Pen without Gluten"><img src="/img/pixel.png" data-src="https://static.ulabox.com/media/77599_m1.jpg" class="lazy" alt="Gallo Pasta Macaroni Pen without Gluten" width="160"></a><div class="islet"><hgroup class="product-item__title"><h4 class="product-item__brand micro | push-half--bottom"><a href="/en/brand/gallo/864" title="See more products from Gallo" class="js-pjax">
                        Gallo
                    </a></h4><h3 class="product-item__name zeta face-normal | flush--bottom"><a href="/en/product/pasta-plumas-sin-gluten-gallo-500gr/35693" title="Buy Gallo Pasta Macaroni Pen without Gluten" class="js-article-link | js-pjax">
                        Gallo Pasta Macaroni Pen without Gluten
                    </a><span class="product-item__info weak-text-color"><small class="product-item__units nano">500 gr</small><small class="product-item__ppu nano"> | €3.82 / kg.</small></span></h3></hgroup></div><div class="flexbox | soft-half--sides"><div class="flexbox__item"><div class="star-rating star-rating--small"><div class="current-rating current-rating--5"><i class="star-rating__star"></i></div></div><a class="review-count-bubble review-count-bubble--compact | pico | flush--bottom push-half--left" href="/en/product/pasta-plumas-sin-gluten-gallo-500gr/35693#reviews" title="See review on Gallo Pasta Macaroni Pen without Gluten">1</a></div><div class="flexbox__item | text--right"><div class="dropdown | dropdown__menu--right | js-dropdown-toggle" data-json='{"followMouse": true, "target": "#product_dropdown", "noClose": true}'><a class="dropdown__toggle | nano | nauru flush--bottom | is-hidden-if-no-js js-show-customer-lists" href="/en/account/lists/" ><i class="icon icon--plus"></i> Add to list
                    </a></div></div></div></div><div class="product-item__shop product-grid__footer | islet "><form class="float--right" action="/en/cart/product/35693" method="post"><span class="product-grid-footer__price"><strong class="product-item__price"><span class="delta">1</span><span class="milli">,91 €</span></strong></span><span class="product-grid-footer__buttons"><button class="btn btn--small btn--remove-circle | is-hidden | js-remove-from-cart "></button><button type="submit" class="btn btn--shop btn--shop-mobile-circle js-add-to-cart |  " data-can-buy-classes="btn--shop btn--shop-mobile-circle" data-can-buy-text="Add" data-can-not-buy-text="More info"
                        data-has-promo="0"><span class="btn--shop__text js-btn-text">Add</span></button></span></form></div></article></div><div class="grid__item m-one-whole t-one-third d-one-third dw-one-quarter | js-product-grid-grid"><article class="js-product-item js-article |  product-item product-item--grid | js-product-container js-article js-article-30268 product-item--grid margin-trailer-1"
     id="product-30268"
     data-product-name="Panzerottini Prosciutto &amp; Formaggio without Gluten Bontà d&#039;Italia Schär"
     data-product-id="30268"
     data-price="6.19"
     data-position="8"
     data-product-brand="Schär"
     data-list-type="Campaign Listing"
     ><div class="product-item__main"><div class="in-cart-quantity | js-in-cart-quantity is-hidden"></div><div class="product-item__offer"></div><div class="badge-container"></div><a class="product-item__image nauru js-pjax js-article-link" href="/en/product/panzerottini-prosciutto-formaggio-sin-gluten-bonta-ditalia-schaer/30268" title="Buy Panzerottini Prosciutto &amp; Formaggio without Gluten Bontà d&#039;Italia Schär"><img src="/img/pixel.png" data-src="https://static.ulabox.com/media/65565_m1.jpg" class="lazy" alt="Panzerottini Prosciutto &amp; Formaggio without Gluten Bontà d&#039;Italia Schär" width="160"></a><div class="islet"><hgroup class="product-item__title"><h4 class="product-item__brand micro | push-half--bottom"><a href="/en/brand/schaer/1742" title="See more products from Schär" class="js-pjax">
                        Schär
                    </a></h4><h3 class="product-item__name zeta face-normal | flush--bottom"><a href="/en/product/panzerottini-prosciutto-formaggio-sin-gluten-bonta-ditalia-schaer/30268" title="Buy Panzerottini Prosciutto &amp; Formaggio without Gluten Bontà d&#039;Italia Schär" class="js-article-link | js-pjax">
                        Panzerottini Prosciutto &amp; Formaggio without …
                    </a><span class="product-item__info weak-text-color"><small class="product-item__units nano">210 gr</small><small class="product-item__ppu nano"> | €29.48 / kg.</small></span></h3></hgroup></div><div class="flexbox | soft-half--sides"><div class="flexbox__item"></div><div class="flexbox__item | text--right"><div class="dropdown | dropdown__menu--right | js-dropdown-toggle" data-json='{"followMouse": true, "target": "#product_dropdown", "noClose": true}'><a class="dropdown__toggle | nano | nauru flush--bottom | is-hidden-if-no-js js-show-customer-lists" href="/en/account/lists/" ><i class="icon icon--plus"></i> Add to list
                    </a></div></div></div></div><div class="product-item__shop product-grid__footer | islet "><form class="float--right" action="/en/cart/product/30268" method="post"><span class="product-grid-footer__price"><strong class="product-item__price"><span class="delta">6</span><span class="milli">,19 €</span></strong></span><span class="product-grid-footer__buttons"><button class="btn btn--small btn--remove-circle | is-hidden | js-remove-from-cart js-logistic-product"></button><button type="submit" class="btn btn--shop btn--shop-mobile-circle js-add-to-cart | js-logistic-product " data-can-buy-classes="btn--shop btn--shop-mobile-circle" data-can-buy-text="Add" data-can-not-buy-text="More info"
                        data-has-promo="0"><span class="btn--shop__text js-btn-text">Add</span></button></span></form></div></article></div><div class="grid__item m-one-whole t-one-third d-one-third dw-one-quarter | js-product-grid-grid"><article class="js-product-item js-article |  product-item product-item--grid | js-product-container js-article js-article-23839 product-item--grid margin-trailer-1"
     id="product-23839"
     data-product-name="Gluten Free Macaroni Pasta Lori Bio"
     data-product-id="23839"
     data-price="1.79"
     data-position="9"
     data-product-brand="Lori"
     data-list-type="Campaign Listing"
     ><div class="product-item__main"><div class="in-cart-quantity | js-in-cart-quantity is-hidden"></div><strong class="product-item__offer brand-color micro ellipsis-fadeout | islet flush--bottom | m-hide">¡Bajamos el precio!</strong><div class="badge-container"></div><a class="product-item__image nauru js-pjax js-article-link" href="/en/product/pasta-macarrones-sin-gluten-bio-lori/23839" title="Buy Gluten Free Macaroni Pasta Lori Bio"><img src="/img/pixel.png" data-src="https://static.ulabox.com/media/47781_m1.jpg" class="lazy" alt="Gluten Free Macaroni Pasta Lori Bio" width="160"></a><div class="islet"><hgroup class="product-item__title"><h4 class="product-item__brand micro | push-half--bottom"><a href="/en/brand/lori/1364" title="See more products from Lori" class="js-pjax">
                        Lori
                    </a></h4><h3 class="product-item__name zeta face-normal | flush--bottom"><a href="/en/product/pasta-macarrones-sin-gluten-bio-lori/23839" title="Buy Gluten Free Macaroni Pasta Lori Bio" class="js-article-link | js-pjax">
                        Gluten Free Macaroni Pasta Lori Bio
                    </a><span class="product-item__info weak-text-color"><small class="product-item__units nano">340 gr</small><small class="product-item__ppu nano"> | €5.26 / kg.</small><a
          class="tag tag-eco  tag--small push-half--left"
          href="/en/filter/eco"
          title="eco"
        >
          Organic
        </a></span></h3></hgroup></div><div class="flexbox | soft-half--sides"><div class="flexbox__item"></div><div class="flexbox__item | text--right"><div class="dropdown | dropdown__menu--right | js-dropdown-toggle" data-json='{"followMouse": true, "target": "#product_dropdown", "noClose": true}'><a class="dropdown__toggle | nano | nauru flush--bottom | is-hidden-if-no-js js-show-customer-lists" href="/en/account/lists/" ><i class="icon icon--plus"></i> Add to list
                    </a></div></div></div></div><div class="product-item__shop product-grid__footer | islet product-item__shop--twolines"><form class="float--right" action="/en/cart/product/23839" method="post"><span class="product-grid-footer__price"><del class="product-item__price product-item__price--old product-grid-footer__price--old nano | flush--bottom">€1.89</del><strong class="product-item__price product-item__price--new product-grid-footer__price--new brand-color"><span class="delta">1</span><span class="milli">,79 €</span></strong></span><span class="product-grid-footer__buttons"><button class="btn btn--small btn--remove-circle | is-hidden | js-remove-from-cart "></button><button type="submit" class="btn btn--shop btn--shop-mobile-circle js-add-to-cart |  " data-can-buy-classes="btn--shop btn--shop-mobile-circle" data-can-buy-text="Add" data-can-not-buy-text="More info"
                        data-has-promo="0"><span class="btn--shop__text js-btn-text">Add</span></button></span></form></div></article></div></div></div></div><form class="js-add-to-list" autocomplete="off" action="/en/account/lists/product/new" method="post"><div class="dropdown | js-dropdown" id="product_dropdown"><a class="dropdown__toggle | js-dropdown-toggle" href="" title=""></a><div class="dropdown__menu | container-lifted | dropdown__menu--medium | dropdown__menu--right | js-dropdown-menu"><div class="milli | flush--bottom"><div class="flexbox | facet-header | container-dark | border--bottom"><strong class="flexbox__item | base-line-height | milli">
        My lists
    </strong></div><div class="js-dropdown-ajax-content"><div class="islet"><!--googleoff: all--><div class="js-customer-list-container"><div class="text--center"><span class="face-bold weak-text-color islet">In order to create lists and save products you must enter your account</span><a class="push-half--ends btn btn--primary js-pjax" href="/en/enter?back=/en/campaign/productos-sin-gluten">Access your account</a></div></div><!--googleon: all--></div><div class="is-hidden js-lists-error"><div class="alert--error | micro | "><div class="media"><div class="media__body"><i class="icon icon--info"></i>
            
                        
                                                            Sorry, we could not load your lists. Try again in a moment. 
                                    </div></div></div></div></div></div></div></div></form><header class="container-white | islet | flexbox | border--bottom" id="biscuits"><a class="flexbox__item | js-pjax" href="/en/campaign/productos-sin-gluten/cat=934"><h2 class="brand-face | epsilon |  base-line-height | flush--bottom | text--left">Biscuits</h2></a><a class="btn btn--tiny btn--inset | flexbox__item | float--right | js-pjax"  href="/en/campaign/productos-sin-gluten/cat=934">
            See all&nbsp;<i class="icon icon--caret-right"></i></a></header><div id="product-list" class="js-product-list | container-light | border--bottom | clear-fix"><div class="container-light | t-island d-island dw-island"><div class="grid"><div class="grid__item m-one-whole t-one-third d-one-third dw-one-quarter | js-product-grid-grid"><article class="js-product-item js-article |  product-item product-item--grid | js-product-container js-article js-article-33094 product-item--grid margin-trailer-1"
     id="product-33094"
     data-product-name="Nuria cookies without Gluten Birba"
     data-product-id="33094"
     data-price="4"
     data-position="1"
     data-product-brand="Birba"
     data-list-type="Campaign Listing"
     ><div class="product-item__main"><div class="in-cart-quantity | js-in-cart-quantity is-hidden"></div><div class="product-item__offer"></div><div class="badge-container"></div><a class="product-item__image nauru js-pjax js-article-link" href="/en/product/galletas-nuria-sin-gluten-birba/33094" title="Buy Nuria cookies without Gluten Birba"><img src="/img/pixel.png" data-src="https://static.ulabox.com/media/101654_m1.jpg" class="lazy" alt="Nuria cookies without Gluten Birba" width="160"></a><div class="islet"><hgroup class="product-item__title"><h4 class="product-item__brand micro | push-half--bottom"><a href="/en/brand/birba/1316" title="See more products from Birba" class="js-pjax">
                        Birba
                    </a></h4><h3 class="product-item__name zeta face-normal | flush--bottom"><a href="/en/product/galletas-nuria-sin-gluten-birba/33094" title="Buy Nuria cookies without Gluten Birba" class="js-article-link | js-pjax">
                        Nuria cookies without Gluten Birba
                    </a><span class="product-item__info weak-text-color"><small class="product-item__units nano">420 gr</small><small class="product-item__ppu nano"> | €9.52 / kg.</small></span></h3></hgroup></div><div class="flexbox | soft-half--sides"><div class="flexbox__item"></div><div class="flexbox__item | text--right"><div class="dropdown | dropdown__menu--right | js-dropdown-toggle" data-json='{"followMouse": true, "target": "#product_dropdown", "noClose": true}'><a class="dropdown__toggle | nano | nauru flush--bottom | is-hidden-if-no-js js-show-customer-lists" href="/en/account/lists/" ><i class="icon icon--plus"></i> Add to list
                    </a></div></div></div></div><div class="product-item__shop product-grid__footer | islet "><form class="float--right" action="/en/cart/product/33094" method="post"><span class="product-grid-footer__price"><strong class="product-item__price"><span class="delta">4</span><span class="milli">,00 €</span></strong></span><span class="product-grid-footer__buttons"><button class="btn btn--small btn--remove-circle | is-hidden | js-remove-from-cart "></button><button type="submit" class="btn btn--shop btn--shop-mobile-circle js-add-to-cart |  " data-can-buy-classes="btn--shop btn--shop-mobile-circle" data-can-buy-text="Add" data-can-not-buy-text="More info"
                        data-has-promo="0"><span class="btn--shop__text js-btn-text">Add</span></button></span></form></div></article></div><div class="grid__item m-one-whole t-one-third d-one-third dw-one-quarter | js-product-grid-grid"><article class="js-product-item js-article |  product-item product-item--grid | js-product-container js-article js-article-25294 product-item--grid margin-trailer-1"
     id="product-25294"
     data-product-name="Mini Chips Gluten Gullón"
     data-product-id="25294"
     data-price="2.2"
     data-position="2"
     data-product-brand="Gullón"
     data-list-type="Campaign Listing"
     ><div class="product-item__main"><div class="in-cart-quantity | js-in-cart-quantity is-hidden"></div><div class="product-item__offer"></div><div class="badge-container"></div><a class="product-item__image nauru js-pjax js-article-link" href="/en/product/mini-chips-sin-gluten-gullon/25294" title="Buy Mini Chips Gluten Gullón"><img src="/img/pixel.png" data-src="https://static.ulabox.com/media/61904_m1.jpg" class="lazy" alt="Mini Chips Gluten Gullón" width="160"></a><div class="islet"><hgroup class="product-item__title"><h4 class="product-item__brand micro | push-half--bottom"><a href="/en/brand/gullon/1012" title="See more products from Gullón" class="js-pjax">
                        Gullón
                    </a></h4><h3 class="product-item__name zeta face-normal | flush--bottom"><a href="/en/product/mini-chips-sin-gluten-gullon/25294" title="Buy Mini Chips Gluten Gullón" class="js-article-link | js-pjax">
                        Mini Chips Gluten Gullón
                    </a><span class="product-item__info weak-text-color"><small class="product-item__units nano">200 gr</small><small class="product-item__ppu nano"> | €11.00 / kg.</small></span></h3></hgroup></div><div class="flexbox | soft-half--sides"><div class="flexbox__item"><div class="star-rating star-rating--small"><div class="current-rating current-rating--4"><i class="star-rating__star"></i></div></div><a class="review-count-bubble review-count-bubble--compact | pico | flush--bottom push-half--left" href="/en/product/mini-chips-sin-gluten-gullon/25294#reviews" title="See review on Mini Chips Gluten Gullón">1</a></div><div class="flexbox__item | text--right"><div class="dropdown | dropdown__menu--right | js-dropdown-toggle" data-json='{"followMouse": true, "target": "#product_dropdown", "noClose": true}'><a class="dropdown__toggle | nano | nauru flush--bottom | is-hidden-if-no-js js-show-customer-lists" href="/en/account/lists/" ><i class="icon icon--plus"></i> Add to list
                    </a></div></div></div></div><div class="product-item__shop product-grid__footer | islet "><form class="float--right" action="/en/cart/product/25294" method="post"><span class="product-grid-footer__price"><strong class="product-item__price"><span class="delta">2</span><span class="milli">,20 €</span></strong></span><span class="product-grid-footer__buttons"><button class="btn btn--small btn--remove-circle | is-hidden | js-remove-from-cart "></button><button type="submit" class="btn btn--shop btn--shop-mobile-circle js-add-to-cart |  " data-can-buy-classes="btn--shop btn--shop-mobile-circle" data-can-buy-text="Add" data-can-not-buy-text="More info"
                        data-has-promo="0"><span class="btn--shop__text js-btn-text">Add</span></button></span></form></div></article></div><div class="grid__item m-one-whole t-one-third d-one-third dw-one-quarter | js-product-grid-grid"><article class="js-product-item js-article |  product-item product-item--grid | js-product-container js-article js-article-39595 product-item--grid margin-trailer-1"
     id="product-39595"
     data-product-name="Gluten Free Cookies Stuffed with Germinal Cocoa Cream"
     data-product-id="39595"
     data-price="3.05"
     data-position="3"
     data-product-brand="Germinal"
     data-list-type="Campaign Listing"
     ><div class="product-item__main"><div class="in-cart-quantity | js-in-cart-quantity is-hidden"></div><div class="product-item__offer"></div><div class="badge-container"></div><a class="product-item__image nauru js-pjax js-article-link" href="/en/product/galletas-sin-gluten-rellenas-de-crema-de-cacao-germinal/39595" title="Buy Gluten Free Cookies Stuffed with Germinal Cocoa Cream"><img src="/img/pixel.png" data-src="https://static.ulabox.com/media/87844_m1.jpg" class="lazy" alt="Gluten Free Cookies Stuffed with Germinal Cocoa Cream" width="160"></a><div class="islet"><hgroup class="product-item__title"><h4 class="product-item__brand micro | push-half--bottom"><a href="/en/brand/germinal/2623" title="See more products from Germinal" class="js-pjax">
                        Germinal
                    </a></h4><h3 class="product-item__name zeta face-normal | flush--bottom"><a href="/en/product/galletas-sin-gluten-rellenas-de-crema-de-cacao-germinal/39595" title="Buy Gluten Free Cookies Stuffed with Germinal Cocoa Cream" class="js-article-link | js-pjax">
                        Gluten Free Cookies Stuffed with Germinal …
                    </a><span class="product-item__info weak-text-color"><small class="product-item__units nano">200 gr</small><small class="product-item__ppu nano"> | €15.25 / kg.</small><a
          class="tag tag-eco  tag--small push-half--left"
          href="/en/filter/eco"
          title="eco"
        >
          Organic
        </a></span></h3></hgroup></div><div class="flexbox | soft-half--sides"><div class="flexbox__item"></div><div class="flexbox__item | text--right"><div class="dropdown | dropdown__menu--right | js-dropdown-toggle" data-json='{"followMouse": true, "target": "#product_dropdown", "noClose": true}'><a class="dropdown__toggle | nano | nauru flush--bottom | is-hidden-if-no-js js-show-customer-lists" href="/en/account/lists/" ><i class="icon icon--plus"></i> Add to list
                    </a></div></div></div></div><div class="product-item__shop product-grid__footer | islet "><form class="float--right" action="/en/cart/product/39595" method="post"><span class="product-grid-footer__price"><strong class="product-item__price"><span class="delta">3</span><span class="milli">,05 €</span></strong></span><span class="product-grid-footer__buttons"><button class="btn btn--small btn--remove-circle | is-hidden | js-remove-from-cart "></button><button type="submit" class="btn btn--shop btn--shop-mobile-circle js-add-to-cart |  " data-can-buy-classes="btn--shop btn--shop-mobile-circle" data-can-buy-text="Add" data-can-not-buy-text="More info"
                        data-has-promo="0"><span class="btn--shop__text js-btn-text">Add</span></button></span></form></div></article></div><div class="grid__item m-one-whole t-one-third d-one-third dw-one-quarter | js-product-grid-grid"><article class="js-product-item js-article |  product-item product-item--grid | js-product-container js-article js-article-11987 product-item--grid margin-trailer-1"
     id="product-11987"
     data-product-name="Biscuits without Gluten Mini Sorrisi Schär"
     data-product-id="11987"
     data-price="1.58"
     data-position="4"
     data-product-brand="Schär"
     data-list-type="Campaign Listing"
     ><div class="product-item__main"><div class="in-cart-quantity | js-in-cart-quantity is-hidden"></div><strong class="product-item__offer brand-color micro ellipsis-fadeout | islet flush--bottom | m-hide">¡Bajamos el precio!</strong><div class="badge-container"></div><a class="product-item__image nauru js-pjax js-article-link" href="/en/product/galletas-sin-gluten-mini-sorrisi-schaer/11987" title="Buy Biscuits without Gluten Mini Sorrisi Schär"><img src="/img/pixel.png" data-src="https://static.ulabox.com/media/23597_m1.jpg" class="lazy" alt="Biscuits without Gluten Mini Sorrisi Schär" width="160"></a><div class="islet"><hgroup class="product-item__title"><h4 class="product-item__brand micro | push-half--bottom"><a href="/en/brand/schaer/1742" title="See more products from Schär" class="js-pjax">
                        Schär
                    </a></h4><h3 class="product-item__name zeta face-normal | flush--bottom"><a href="/en/product/galletas-sin-gluten-mini-sorrisi-schaer/11987" title="Buy Biscuits without Gluten Mini Sorrisi Schär" class="js-article-link | js-pjax">
                        Biscuits without Gluten Mini Sorrisi Schär
                    </a><span class="product-item__info weak-text-color"><small class="product-item__units nano">100 gr</small><small class="product-item__ppu nano"> | €15.80 / kg.</small></span></h3></hgroup></div><div class="flexbox | soft-half--sides"><div class="flexbox__item"></div><div class="flexbox__item | text--right"><div class="dropdown | dropdown__menu--right | js-dropdown-toggle" data-json='{"followMouse": true, "target": "#product_dropdown", "noClose": true}'><a class="dropdown__toggle | nano | nauru flush--bottom | is-hidden-if-no-js js-show-customer-lists" href="/en/account/lists/" ><i class="icon icon--plus"></i> Add to list
                    </a></div></div></div></div><div class="product-item__shop product-grid__footer | islet product-item__shop--twolines"><form class="float--right" action="/en/cart/product/11987" method="post"><span class="product-grid-footer__price"><del class="product-item__price product-item__price--old product-grid-footer__price--old nano | flush--bottom">€1.71</del><strong class="product-item__price product-item__price--new product-grid-footer__price--new brand-color"><span class="delta">1</span><span class="milli">,58 €</span></strong></span><span class="product-grid-footer__buttons"><button class="btn btn--small btn--remove-circle | is-hidden | js-remove-from-cart "></button><button type="submit" class="btn btn--shop btn--shop-mobile-circle js-add-to-cart |  " data-can-buy-classes="btn--shop btn--shop-mobile-circle" data-can-buy-text="Add" data-can-not-buy-text="More info"
                        data-has-promo="0"><span class="btn--shop__text js-btn-text">Add</span></button></span></form></div></article></div><div class="grid__item m-one-whole t-one-third d-one-third dw-one-quarter | js-product-grid-grid"><article class="js-product-item js-article |  product-item product-item--grid | js-product-container js-article js-article-40579 product-item--grid margin-trailer-1"
     id="product-40579"
     data-product-name="Birba Pack: Nuria without Gluten 420g + Nuria Mini Xoco without Gluten 200g"
     data-product-id="40579"
     data-price="7.27"
     data-position="5"
     data-product-brand="Birba"
     data-list-type="Campaign Listing"
     ><div class="product-item__main"><div class="in-cart-quantity | js-in-cart-quantity is-hidden"></div><strong class="product-item__offer brand-color micro ellipsis-fadeout | islet flush--bottom | m-hide">Pack Ahorro</strong><div class="badge-container"></div><a class="product-item__image nauru js-pjax js-article-link" href="/en/product/pack-birba-nuria-sin-gluten-420g-nuria-mini-xoco-sin-gluten-200g/40579" title="Buy Birba Pack: Nuria without Gluten 420g + Nuria Mini Xoco without Gluten 200g"><img src="/img/pixel.png" data-src="https://static.ulabox.com/media/92389_m1.jpg" class="lazy" alt="Birba Pack: Nuria without Gluten 420g + Nuria Mini Xoco without Gluten 200g" width="160"></a><div class="islet"><hgroup class="product-item__title"><h4 class="product-item__brand micro | push-half--bottom"><a href="/en/brand/birba/1316" title="See more products from Birba" class="js-pjax">
                        Birba
                    </a></h4><h3 class="product-item__name zeta face-normal | flush--bottom"><a href="/en/product/pack-birba-nuria-sin-gluten-420g-nuria-mini-xoco-sin-gluten-200g/40579" title="Buy Birba Pack: Nuria without Gluten 420g + Nuria Mini Xoco without Gluten 200g" class="js-article-link | js-pjax">
                        Birba Pack: Nuria without Gluten 420g + Nuria …
                    </a><span class="product-item__info weak-text-color"><small class="product-item__units nano">620 gr</small><small class="product-item__ppu nano"> | €11.73 / kg.</small></span></h3></hgroup></div><div class="flexbox | soft-half--sides"><div class="flexbox__item"></div><div class="flexbox__item | text--right"><div class="dropdown | dropdown__menu--right | js-dropdown-toggle" data-json='{"followMouse": true, "target": "#product_dropdown", "noClose": true}'><a class="dropdown__toggle | nano | nauru flush--bottom | is-hidden-if-no-js js-show-customer-lists" href="/en/account/lists/" ><i class="icon icon--plus"></i> Add to list
                    </a></div></div></div></div><div class="product-item__shop product-grid__footer | islet product-item__shop--twolines"><form class="float--right" action="/en/cart/product/40579" method="post"><span class="product-grid-footer__price"><del class="product-item__price product-item__price--old product-grid-footer__price--old nano | flush--bottom">€7.49</del><strong class="product-item__price product-item__price--new product-grid-footer__price--new brand-color"><span class="delta">7</span><span class="milli">,27 €</span></strong></span><span class="product-grid-footer__buttons"><button class="btn btn--small btn--remove-circle | is-hidden | js-remove-from-cart "></button><button type="submit" class="btn btn--shop btn--shop-mobile-circle js-add-to-cart |  " data-can-buy-classes="btn--shop btn--shop-mobile-circle" data-can-buy-text="Add" data-can-not-buy-text="More info"
                        data-has-promo="0"><span class="btn--shop__text js-btn-text">Add</span></button></span></form></div></article></div><div class="grid__item m-one-whole t-one-third d-one-third dw-one-quarter | js-product-grid-grid"><article class="js-product-item js-article |  product-item product-item--grid | js-product-container js-article js-article-39597 product-item--grid margin-trailer-1"
     id="product-39597"
     data-product-name="Biscuits without Gluten of Saracen Wheat Stuffed with Germinal Apricot Cream"
     data-product-id="39597"
     data-price="3.89"
     data-position="6"
     data-product-brand="Germinal"
     data-list-type="Campaign Listing"
     ><div class="product-item__main"><div class="in-cart-quantity | js-in-cart-quantity is-hidden"></div><div class="product-item__offer"></div><div class="badge-container"></div><a class="product-item__image nauru js-pjax js-article-link" href="/en/product/galletas-sin-gluten-de-trigo-sarraceno-rellenas-de-crema-de-albaricoque-germinal/39597" title="Buy Biscuits without Gluten of Saracen Wheat Stuffed with Germinal Apricot Cream"><img src="/img/pixel.png" data-src="https://static.ulabox.com/media/87851_m1.jpg" class="lazy" alt="Biscuits without Gluten of Saracen Wheat Stuffed with Germinal Apricot Cream" width="160"></a><div class="islet"><hgroup class="product-item__title"><h4 class="product-item__brand micro | push-half--bottom"><a href="/en/brand/germinal/2623" title="See more products from Germinal" class="js-pjax">
                        Germinal
                    </a></h4><h3 class="product-item__name zeta face-normal | flush--bottom"><a href="/en/product/galletas-sin-gluten-de-trigo-sarraceno-rellenas-de-crema-de-albaricoque-germinal/39597" title="Buy Biscuits without Gluten of Saracen Wheat Stuffed with Germinal Apricot Cream" class="js-article-link | js-pjax">
                        Biscuits without Gluten of Saracen Wheat …
                    </a><span class="product-item__info weak-text-color"><small class="product-item__units nano">200 gr</small><small class="product-item__ppu nano"> | €19.45 / kg.</small><a
          class="tag tag-eco  tag--small push-half--left"
          href="/en/filter/eco"
          title="eco"
        >
          Organic
        </a></span></h3></hgroup></div><div class="flexbox | soft-half--sides"><div class="flexbox__item"></div><div class="flexbox__item | text--right"><div class="dropdown | dropdown__menu--right | js-dropdown-toggle" data-json='{"followMouse": true, "target": "#product_dropdown", "noClose": true}'><a class="dropdown__toggle | nano | nauru flush--bottom | is-hidden-if-no-js js-show-customer-lists" href="/en/account/lists/" ><i class="icon icon--plus"></i> Add to list
                    </a></div></div></div></div><div class="product-item__shop product-grid__footer | islet "><form class="float--right" action="/en/cart/product/39597" method="post"><span class="product-grid-footer__price"><strong class="product-item__price"><span class="delta">3</span><span class="milli">,89 €</span></strong></span><span class="product-grid-footer__buttons"><button class="btn btn--small btn--remove-circle | is-hidden | js-remove-from-cart "></button><button type="submit" class="btn btn--shop btn--shop-mobile-circle js-add-to-cart |  " data-can-buy-classes="btn--shop btn--shop-mobile-circle" data-can-buy-text="Add" data-can-not-buy-text="More info"
                        data-has-promo="0"><span class="btn--shop__text js-btn-text">Add</span></button></span></form></div></article></div><div class="grid__item m-one-whole t-one-third d-one-third dw-one-quarter | js-product-grid-grid"><article class="js-product-item js-article |  product-item product-item--grid | js-product-container js-article js-article-39596 product-item--grid margin-trailer-1"
     id="product-39596"
     data-product-name="Blueberry and Buckwheat Biscuits without Germinal Gluten"
     data-product-id="39596"
     data-price="3.05"
     data-position="7"
     data-product-brand="Germinal"
     data-list-type="Campaign Listing"
     ><div class="product-item__main"><div class="in-cart-quantity | js-in-cart-quantity is-hidden"></div><div class="product-item__offer"></div><div class="badge-container"></div><a class="product-item__image nauru js-pjax js-article-link" href="/en/product/galletas-de-arandano-y-trigo-sarraceno-sin-gluten-germinal/39596" title="Buy Blueberry and Buckwheat Biscuits without Germinal Gluten"><img src="/img/pixel.png" data-src="https://static.ulabox.com/media/87863_m1.jpg" class="lazy" alt="Blueberry and Buckwheat Biscuits without Germinal Gluten" width="160"></a><div class="islet"><hgroup class="product-item__title"><h4 class="product-item__brand micro | push-half--bottom"><a href="/en/brand/germinal/2623" title="See more products from Germinal" class="js-pjax">
                        Germinal
                    </a></h4><h3 class="product-item__name zeta face-normal | flush--bottom"><a href="/en/product/galletas-de-arandano-y-trigo-sarraceno-sin-gluten-germinal/39596" title="Buy Blueberry and Buckwheat Biscuits without Germinal Gluten" class="js-article-link | js-pjax">
                        Blueberry and Buckwheat Biscuits without …
                    </a><span class="product-item__info weak-text-color"><small class="product-item__units nano">200 gr</small><small class="product-item__ppu nano"> | €15.25 / kg.</small><a
          class="tag tag-eco  tag--small push-half--left"
          href="/en/filter/eco"
          title="eco"
        >
          Organic
        </a></span></h3></hgroup></div><div class="flexbox | soft-half--sides"><div class="flexbox__item"></div><div class="flexbox__item | text--right"><div class="dropdown | dropdown__menu--right | js-dropdown-toggle" data-json='{"followMouse": true, "target": "#product_dropdown", "noClose": true}'><a class="dropdown__toggle | nano | nauru flush--bottom | is-hidden-if-no-js js-show-customer-lists" href="/en/account/lists/" ><i class="icon icon--plus"></i> Add to list
                    </a></div></div></div></div><div class="product-item__shop product-grid__footer | islet "><form class="float--right" action="/en/cart/product/39596" method="post"><span class="product-grid-footer__price"><strong class="product-item__price"><span class="delta">3</span><span class="milli">,05 €</span></strong></span><span class="product-grid-footer__buttons"><button class="btn btn--small btn--remove-circle | is-hidden | js-remove-from-cart "></button><button type="submit" class="btn btn--shop btn--shop-mobile-circle js-add-to-cart |  " data-can-buy-classes="btn--shop btn--shop-mobile-circle" data-can-buy-text="Add" data-can-not-buy-text="More info"
                        data-has-promo="0"><span class="btn--shop__text js-btn-text">Add</span></button></span></form></div></article></div><div class="grid__item m-one-whole t-one-third d-one-third dw-one-quarter | js-product-grid-grid"><article class="js-product-item js-article |  product-item product-item--grid | js-product-container js-article js-article-39594 product-item--grid margin-trailer-1"
     id="product-39594"
     data-product-name="Gluten Free Cookies Stuffed with Germinal Blueberry Cream"
     data-product-id="39594"
     data-price="3.05"
     data-position="8"
     data-product-brand="Germinal"
     data-list-type="Campaign Listing"
     ><div class="product-item__main"><div class="in-cart-quantity | js-in-cart-quantity is-hidden"></div><div class="product-item__offer"></div><div class="badge-container"></div><a class="product-item__image nauru js-pjax js-article-link" href="/en/product/galletas-sin-gluten-rellenas-de-crema-de-arandanos-germinal/39594" title="Buy Gluten Free Cookies Stuffed with Germinal Blueberry Cream"><img src="/img/pixel.png" data-src="https://static.ulabox.com/media/87846_m1.jpg" class="lazy" alt="Gluten Free Cookies Stuffed with Germinal Blueberry Cream" width="160"></a><div class="islet"><hgroup class="product-item__title"><h4 class="product-item__brand micro | push-half--bottom"><a href="/en/brand/germinal/2623" title="See more products from Germinal" class="js-pjax">
                        Germinal
                    </a></h4><h3 class="product-item__name zeta face-normal | flush--bottom"><a href="/en/product/galletas-sin-gluten-rellenas-de-crema-de-arandanos-germinal/39594" title="Buy Gluten Free Cookies Stuffed with Germinal Blueberry Cream" class="js-article-link | js-pjax">
                        Gluten Free Cookies Stuffed with Germinal …
                    </a><span class="product-item__info weak-text-color"><small class="product-item__units nano">200 gr</small><small class="product-item__ppu nano"> | €15.25 / kg.</small><a
          class="tag tag-eco  tag--small push-half--left"
          href="/en/filter/eco"
          title="eco"
        >
          Organic
        </a></span></h3></hgroup></div><div class="flexbox | soft-half--sides"><div class="flexbox__item"></div><div class="flexbox__item | text--right"><div class="dropdown | dropdown__menu--right | js-dropdown-toggle" data-json='{"followMouse": true, "target": "#product_dropdown", "noClose": true}'><a class="dropdown__toggle | nano | nauru flush--bottom | is-hidden-if-no-js js-show-customer-lists" href="/en/account/lists/" ><i class="icon icon--plus"></i> Add to list
                    </a></div></div></div></div><div class="product-item__shop product-grid__footer | islet "><form class="float--right" action="/en/cart/product/39594" method="post"><span class="product-grid-footer__price"><strong class="product-item__price"><span class="delta">3</span><span class="milli">,05 €</span></strong></span><span class="product-grid-footer__buttons"><button class="btn btn--small btn--remove-circle | is-hidden | js-remove-from-cart "></button><button type="submit" class="btn btn--shop btn--shop-mobile-circle js-add-to-cart |  " data-can-buy-classes="btn--shop btn--shop-mobile-circle" data-can-buy-text="Add" data-can-not-buy-text="More info"
                        data-has-promo="0"><span class="btn--shop__text js-btn-text">Add</span></button></span></form></div></article></div><div class="grid__item m-one-whole t-one-third d-one-third dw-one-quarter | js-product-grid-grid"><article class="js-product-item js-article |  product-item product-item--grid | js-product-container js-article js-article-39592 product-item--grid margin-trailer-1"
     id="product-39592"
     data-product-name="Cocoa and Vanilla Biscuits without Germinal Gluten"
     data-product-id="39592"
     data-price="3.05"
     data-position="9"
     data-product-brand="Germinal"
     data-list-type="Campaign Listing"
     ><div class="product-item__main"><div class="in-cart-quantity | js-in-cart-quantity is-hidden"></div><div class="product-item__offer"></div><div class="badge-container"></div><a class="product-item__image nauru js-pjax js-article-link" href="/en/product/galletas-de-cacao-y-vainilla-sin-gluten-germinal/39592" title="Buy Cocoa and Vanilla Biscuits without Germinal Gluten"><img src="/img/pixel.png" data-src="https://static.ulabox.com/media/87836_m1.jpg" class="lazy" alt="Cocoa and Vanilla Biscuits without Germinal Gluten" width="160"></a><div class="islet"><hgroup class="product-item__title"><h4 class="product-item__brand micro | push-half--bottom"><a href="/en/brand/germinal/2623" title="See more products from Germinal" class="js-pjax">
                        Germinal
                    </a></h4><h3 class="product-item__name zeta face-normal | flush--bottom"><a href="/en/product/galletas-de-cacao-y-vainilla-sin-gluten-germinal/39592" title="Buy Cocoa and Vanilla Biscuits without Germinal Gluten" class="js-article-link | js-pjax">
                        Cocoa and Vanilla Biscuits without Germinal …
                    </a><span class="product-item__info weak-text-color"><small class="product-item__units nano">250 gr</small><small class="product-item__ppu nano"> | €12.20 / kg.</small><a
          class="tag tag-eco  tag--small push-half--left"
          href="/en/filter/eco"
          title="eco"
        >
          Organic
        </a></span></h3></hgroup></div><div class="flexbox | soft-half--sides"><div class="flexbox__item"></div><div class="flexbox__item | text--right"><div class="dropdown | dropdown__menu--right | js-dropdown-toggle" data-json='{"followMouse": true, "target": "#product_dropdown", "noClose": true}'><a class="dropdown__toggle | nano | nauru flush--bottom | is-hidden-if-no-js js-show-customer-lists" href="/en/account/lists/" ><i class="icon icon--plus"></i> Add to list
                    </a></div></div></div></div><div class="product-item__shop product-grid__footer | islet "><form class="float--right" action="/en/cart/product/39592" method="post"><span class="product-grid-footer__price"><strong class="product-item__price"><span class="delta">3</span><span class="milli">,05 €</span></strong></span><span class="product-grid-footer__buttons"><button class="btn btn--small btn--remove-circle | is-hidden | js-remove-from-cart "></button><button type="submit" class="btn btn--shop btn--shop-mobile-circle js-add-to-cart |  " data-can-buy-classes="btn--shop btn--shop-mobile-circle" data-can-buy-text="Add" data-can-not-buy-text="More info"
                        data-has-promo="0"><span class="btn--shop__text js-btn-text">Add</span></button></span></form></div></article></div><div class="grid__item m-one-whole t-one-third d-one-third dw-one-quarter | js-product-grid-grid"><article class="js-product-item js-article |  product-item product-item--grid | js-product-container js-article js-article-39590 product-item--grid margin-trailer-1"
     id="product-39590"
     data-product-name="Quinoa Gluten Free Cookies Stuffed with Germinal Cocoa"
     data-product-id="39590"
     data-price="3.99"
     data-position="10"
     data-product-brand="Germinal"
     data-list-type="Campaign Listing"
     ><div class="product-item__main"><div class="in-cart-quantity | js-in-cart-quantity is-hidden"></div><div class="product-item__offer"></div><div class="badge-container"></div><a class="product-item__image nauru js-pjax js-article-link" href="/en/product/galletas-sin-gluten-de-quinoa-rellenas-de-cacao-germinal/39590" title="Buy Quinoa Gluten Free Cookies Stuffed with Germinal Cocoa"><img src="/img/pixel.png" data-src="https://static.ulabox.com/media/87842_m1.jpg" class="lazy" alt="Quinoa Gluten Free Cookies Stuffed with Germinal Cocoa" width="160"></a><div class="islet"><hgroup class="product-item__title"><h4 class="product-item__brand micro | push-half--bottom"><a href="/en/brand/germinal/2623" title="See more products from Germinal" class="js-pjax">
                        Germinal
                    </a></h4><h3 class="product-item__name zeta face-normal | flush--bottom"><a href="/en/product/galletas-sin-gluten-de-quinoa-rellenas-de-cacao-germinal/39590" title="Buy Quinoa Gluten Free Cookies Stuffed with Germinal Cocoa" class="js-article-link | js-pjax">
                        Quinoa Gluten Free Cookies Stuffed with Germinal …
                    </a><span class="product-item__info weak-text-color"><small class="product-item__units nano">200 gr</small><small class="product-item__ppu nano"> | €19.95 / kg.</small><a
          class="tag tag-eco  tag--small push-half--left"
          href="/en/filter/eco"
          title="eco"
        >
          Organic
        </a></span></h3></hgroup></div><div class="flexbox | soft-half--sides"><div class="flexbox__item"></div><div class="flexbox__item | text--right"><div class="dropdown | dropdown__menu--right | js-dropdown-toggle" data-json='{"followMouse": true, "target": "#product_dropdown", "noClose": true}'><a class="dropdown__toggle | nano | nauru flush--bottom | is-hidden-if-no-js js-show-customer-lists" href="/en/account/lists/" ><i class="icon icon--plus"></i> Add to list
                    </a></div></div></div></div><div class="product-item__shop product-grid__footer | islet "><form class="float--right" action="/en/cart/product/39590" method="post"><span class="product-grid-footer__price"><strong class="product-item__price"><span class="delta">3</span><span class="milli">,99 €</span></strong></span><span class="product-grid-footer__buttons"><button class="btn btn--small btn--remove-circle | is-hidden | js-remove-from-cart "></button><button type="submit" class="btn btn--shop btn--shop-mobile-circle js-add-to-cart |  " data-can-buy-classes="btn--shop btn--shop-mobile-circle" data-can-buy-text="Add" data-can-not-buy-text="More info"
                        data-has-promo="0"><span class="btn--shop__text js-btn-text">Add</span></button></span></form></div></article></div><div class="grid__item m-one-whole t-one-third d-one-third dw-one-quarter | js-product-grid-grid"><article class="js-product-item js-article |  product-item product-item--grid | js-product-container js-article js-article-39589 product-item--grid margin-trailer-1"
     id="product-39589"
     data-product-name="Gluten Free Quinoa Cookies with Germinal Chocolate Nuggets"
     data-product-id="39589"
     data-price="3.55"
     data-position="11"
     data-product-brand="Germinal"
     data-list-type="Campaign Listing"
     ><div class="product-item__main"><div class="in-cart-quantity | js-in-cart-quantity is-hidden"></div><div class="product-item__offer"></div><div class="badge-container"></div><a class="product-item__image nauru js-pjax js-article-link" href="/en/product/galletas-sin-gluten-de-quinoa-con-pepitas-de-chocolate-germinal/39589" title="Buy Gluten Free Quinoa Cookies with Germinal Chocolate Nuggets"><img src="/img/pixel.png" data-src="https://static.ulabox.com/media/87849_m1.jpg" class="lazy" alt="Gluten Free Quinoa Cookies with Germinal Chocolate Nuggets" width="160"></a><div class="islet"><hgroup class="product-item__title"><h4 class="product-item__brand micro | push-half--bottom"><a href="/en/brand/germinal/2623" title="See more products from Germinal" class="js-pjax">
                        Germinal
                    </a></h4><h3 class="product-item__name zeta face-normal | flush--bottom"><a href="/en/product/galletas-sin-gluten-de-quinoa-con-pepitas-de-chocolate-germinal/39589" title="Buy Gluten Free Quinoa Cookies with Germinal Chocolate Nuggets" class="js-article-link | js-pjax">
                        Gluten Free Quinoa Cookies with Germinal …
                    </a><span class="product-item__info weak-text-color"><small class="product-item__units nano">250 gr</small><small class="product-item__ppu nano"> | €14.20 / kg.</small><a
          class="tag tag-eco  tag--small push-half--left"
          href="/en/filter/eco"
          title="eco"
        >
          Organic
        </a></span></h3></hgroup></div><div class="flexbox | soft-half--sides"><div class="flexbox__item"></div><div class="flexbox__item | text--right"><div class="dropdown | dropdown__menu--right | js-dropdown-toggle" data-json='{"followMouse": true, "target": "#product_dropdown", "noClose": true}'><a class="dropdown__toggle | nano | nauru flush--bottom | is-hidden-if-no-js js-show-customer-lists" href="/en/account/lists/" ><i class="icon icon--plus"></i> Add to list
                    </a></div></div></div></div><div class="product-item__shop product-grid__footer | islet "><form class="float--right" action="/en/cart/product/39589" method="post"><span class="product-grid-footer__price"><strong class="product-item__price"><span class="delta">3</span><span class="milli">,55 €</span></strong></span><span class="product-grid-footer__buttons"><button class="btn btn--small btn--remove-circle | is-hidden | js-remove-from-cart "></button><button type="submit" class="btn btn--shop btn--shop-mobile-circle js-add-to-cart |  " data-can-buy-classes="btn--shop btn--shop-mobile-circle" data-can-buy-text="Add" data-can-not-buy-text="More info"
                        data-has-promo="0"><span class="btn--shop__text js-btn-text">Add</span></button></span></form></div></article></div><div class="grid__item m-one-whole t-one-third d-one-third dw-one-quarter | js-product-grid-grid"><article class="js-product-item js-article |  product-item product-item--grid | js-product-container js-article js-article-30189 product-item--grid margin-trailer-1"
     id="product-30189"
     data-product-name="Gluten - free crackers Gullón"
     data-product-id="30189"
     data-price="2.05"
     data-position="12"
     data-product-brand="Gullón"
     data-list-type="Campaign Listing"
     ><div class="product-item__main"><div class="in-cart-quantity | js-in-cart-quantity is-hidden"></div><strong class="product-item__offer brand-color micro ellipsis-fadeout | islet flush--bottom | m-hide">¡Bajamos el precio!</strong><div class="badge-container"></div><a class="product-item__image nauru js-pjax js-article-link" href="/en/product/crackers-sin-gluten-gullon/30189" title="Buy Gluten - free crackers Gullón"><img src="/img/pixel.png" data-src="https://static.ulabox.com/media/64045_m1.jpg" class="lazy" alt="Gluten - free crackers Gullón" width="160"></a><div class="islet"><hgroup class="product-item__title"><h4 class="product-item__brand micro | push-half--bottom"><a href="/en/brand/gullon/1012" title="See more products from Gullón" class="js-pjax">
                        Gullón
                    </a></h4><h3 class="product-item__name zeta face-normal | flush--bottom"><a href="/en/product/crackers-sin-gluten-gullon/30189" title="Buy Gluten - free crackers Gullón" class="js-article-link | js-pjax">
                        Gluten - free crackers Gullón
                    </a><span class="product-item__info weak-text-color"><small class="product-item__units nano">200 gr</small><small class="product-item__ppu nano"> | €10.25 / kg.</small></span></h3></hgroup></div><div class="flexbox | soft-half--sides"><div class="flexbox__item"></div><div class="flexbox__item | text--right"><div class="dropdown | dropdown__menu--right | js-dropdown-toggle" data-json='{"followMouse": true, "target": "#product_dropdown", "noClose": true}'><a class="dropdown__toggle | nano | nauru flush--bottom | is-hidden-if-no-js js-show-customer-lists" href="/en/account/lists/" ><i class="icon icon--plus"></i> Add to list
                    </a></div></div></div></div><div class="product-item__shop product-grid__footer | islet product-item__shop--twolines"><form class="float--right" action="/en/cart/product/30189" method="post"><span class="product-grid-footer__price"><del class="product-item__price product-item__price--old product-grid-footer__price--old nano | flush--bottom">€2.15</del><strong class="product-item__price product-item__price--new product-grid-footer__price--new brand-color"><span class="delta">2</span><span class="milli">,05 €</span></strong></span><span class="product-grid-footer__buttons"><button class="btn btn--small btn--remove-circle | is-hidden | js-remove-from-cart "></button><button type="submit" class="btn btn--shop btn--shop-mobile-circle js-add-to-cart |  " data-can-buy-classes="btn--shop btn--shop-mobile-circle" data-can-buy-text="Add" data-can-not-buy-text="More info"
                        data-has-promo="0"><span class="btn--shop__text js-btn-text">Add</span></button></span></form></div></article></div><div class="grid__item m-one-whole t-one-third d-one-third dw-one-quarter | js-product-grid-grid"><article class="js-product-item js-article |  product-item product-item--grid | js-product-container js-article js-article-26027 product-item--grid margin-trailer-1"
     id="product-26027"
     data-product-name="Cocoa wafers without Gluten Schär"
     data-product-id="26027"
     data-price="2.29"
     data-position="13"
     data-product-brand="Schär"
     data-list-type="Campaign Listing"
     ><div class="product-item__main"><div class="in-cart-quantity | js-in-cart-quantity is-hidden"></div><div class="product-item__offer"></div><div class="badge-container"></div><a class="product-item__image nauru js-pjax js-article-link" href="/en/product/barquillos-de-cacao-sin-gluten-schaer/26027" title="Buy Cocoa wafers without Gluten Schär"><img src="/img/pixel.png" data-src="https://static.ulabox.com/media/52913_m1.jpg" class="lazy" alt="Cocoa wafers without Gluten Schär" width="160"></a><div class="islet"><hgroup class="product-item__title"><h4 class="product-item__brand micro | push-half--bottom"><a href="/en/brand/schaer/1742" title="See more products from Schär" class="js-pjax">
                        Schär
                    </a></h4><h3 class="product-item__name zeta face-normal | flush--bottom"><a href="/en/product/barquillos-de-cacao-sin-gluten-schaer/26027" title="Buy Cocoa wafers without Gluten Schär" class="js-article-link | js-pjax">
                        Cocoa wafers without Gluten Schär
                    </a><span class="product-item__info weak-text-color"><small class="product-item__units nano">125 gr</small><small class="product-item__ppu nano"> | €18.32 / kg.</small></span></h3></hgroup></div><div class="flexbox | soft-half--sides"><div class="flexbox__item"></div><div class="flexbox__item | text--right"><div class="dropdown | dropdown__menu--right | js-dropdown-toggle" data-json='{"followMouse": true, "target": "#product_dropdown", "noClose": true}'><a class="dropdown__toggle | nano | nauru flush--bottom | is-hidden-if-no-js js-show-customer-lists" href="/en/account/lists/" ><i class="icon icon--plus"></i> Add to list
                    </a></div></div></div></div><div class="product-item__shop product-grid__footer | islet "><form class="float--right" action="/en/cart/product/26027" method="post"><span class="product-grid-footer__price"><strong class="product-item__price"><span class="delta">2</span><span class="milli">,29 €</span></strong></span><span class="product-grid-footer__buttons"><button class="btn btn--small btn--remove-circle | is-hidden | js-remove-from-cart "></button><button type="submit" class="btn btn--shop btn--shop-mobile-circle js-add-to-cart |  " data-can-buy-classes="btn--shop btn--shop-mobile-circle" data-can-buy-text="Add" data-can-not-buy-text="More info"
                        data-has-promo="0"><span class="btn--shop__text js-btn-text">Add</span></button></span></form></div></article></div><div class="grid__item m-one-whole t-one-third d-one-third dw-one-quarter | js-product-grid-grid"><article class="js-product-item js-article |  product-item product-item--grid | js-product-container js-article js-article-26026 product-item--grid margin-trailer-1"
     id="product-26026"
     data-product-name="Gluten Free Schär Chocolate Waffles"
     data-product-id="26026"
     data-price="2.49"
     data-position="14"
     data-product-brand="Schär"
     data-list-type="Campaign Listing"
     ><div class="product-item__main"><div class="in-cart-quantity | js-in-cart-quantity is-hidden"></div><strong class="product-item__offer brand-color micro ellipsis-fadeout | islet flush--bottom | m-hide">¡Bajamos el precio!</strong><div class="badge-container"></div><a class="product-item__image nauru js-pjax js-article-link" href="/en/product/barquillos-de-chocolate-sin-gluten-schaer/26026" title="Buy Gluten Free Schär Chocolate Waffles"><img src="/img/pixel.png" data-src="https://static.ulabox.com/media/52921_m1.jpg" class="lazy" alt="Gluten Free Schär Chocolate Waffles" width="160"></a><div class="islet"><hgroup class="product-item__title"><h4 class="product-item__brand micro | push-half--bottom"><a href="/en/brand/schaer/1742" title="See more products from Schär" class="js-pjax">
                        Schär
                    </a></h4><h3 class="product-item__name zeta face-normal | flush--bottom"><a href="/en/product/barquillos-de-chocolate-sin-gluten-schaer/26026" title="Buy Gluten Free Schär Chocolate Waffles" class="js-article-link | js-pjax">
                        Gluten Free Schär Chocolate Waffles
                    </a><span class="product-item__info weak-text-color"><small class="product-item__units nano">105 gr</small><small class="product-item__ppu nano"> | €23.71 / kg.</small></span></h3></hgroup></div><div class="flexbox | soft-half--sides"><div class="flexbox__item"></div><div class="flexbox__item | text--right"><div class="dropdown | dropdown__menu--right | js-dropdown-toggle" data-json='{"followMouse": true, "target": "#product_dropdown", "noClose": true}'><a class="dropdown__toggle | nano | nauru flush--bottom | is-hidden-if-no-js js-show-customer-lists" href="/en/account/lists/" ><i class="icon icon--plus"></i> Add to list
                    </a></div></div></div></div><div class="product-item__shop product-grid__footer | islet product-item__shop--twolines"><form class="float--right" action="/en/cart/product/26026" method="post"><span class="product-grid-footer__price"><del class="product-item__price product-item__price--old product-grid-footer__price--old nano | flush--bottom">€2.87</del><strong class="product-item__price product-item__price--new product-grid-footer__price--new brand-color"><span class="delta">2</span><span class="milli">,49 €</span></strong></span><span class="product-grid-footer__buttons"><button class="btn btn--small btn--remove-circle | is-hidden | js-remove-from-cart "></button><button type="submit" class="btn btn--shop btn--shop-mobile-circle js-add-to-cart |  " data-can-buy-classes="btn--shop btn--shop-mobile-circle" data-can-buy-text="Add" data-can-not-buy-text="More info"
                        data-has-promo="0"><span class="btn--shop__text js-btn-text">Add</span></button></span></form></div></article></div><div class="grid__item m-one-whole t-one-third d-one-third dw-one-quarter | js-product-grid-grid"><article class="js-product-item js-article |  product-item product-item--grid | js-product-container js-article js-article-26021 product-item--grid margin-trailer-1"
     id="product-26021"
     data-product-name="Crackers without Gluten Schär"
     data-product-id="26021"
     data-price="3.8"
     data-position="15"
     data-product-brand="Schär"
     data-list-type="Campaign Listing"
     ><div class="product-item__main"><div class="in-cart-quantity | js-in-cart-quantity is-hidden"></div><strong class="product-item__offer brand-color micro ellipsis-fadeout | islet flush--bottom | m-hide">¡Bajamos el precio!</strong><div class="badge-container"></div><a class="product-item__image nauru js-pjax js-article-link" href="/en/product/crackers-sin-gluten-schaer/26021" title="Buy Crackers without Gluten Schär"><img src="/img/pixel.png" data-src="https://static.ulabox.com/media/52925_m1.jpg" class="lazy" alt="Crackers without Gluten Schär" width="160"></a><div class="islet"><hgroup class="product-item__title"><h4 class="product-item__brand micro | push-half--bottom"><a href="/en/brand/schaer/1742" title="See more products from Schär" class="js-pjax">
                        Schär
                    </a></h4><h3 class="product-item__name zeta face-normal | flush--bottom"><a href="/en/product/crackers-sin-gluten-schaer/26021" title="Buy Crackers without Gluten Schär" class="js-article-link | js-pjax">
                        Crackers without Gluten Schär
                    </a><span class="product-item__info weak-text-color"><small class="product-item__units nano">210 gr</small><small class="product-item__ppu nano"> | €18.10 / kg.</small></span></h3></hgroup></div><div class="flexbox | soft-half--sides"><div class="flexbox__item"><div class="star-rating star-rating--small"><div class="current-rating current-rating--5"><i class="star-rating__star"></i></div></div></div><div class="flexbox__item | text--right"><div class="dropdown | dropdown__menu--right | js-dropdown-toggle" data-json='{"followMouse": true, "target": "#product_dropdown", "noClose": true}'><a class="dropdown__toggle | nano | nauru flush--bottom | is-hidden-if-no-js js-show-customer-lists" href="/en/account/lists/" ><i class="icon icon--plus"></i> Add to list
                    </a></div></div></div></div><div class="product-item__shop product-grid__footer | islet product-item__shop--twolines"><form class="float--right" action="/en/cart/product/26021" method="post"><span class="product-grid-footer__price"><del class="product-item__price product-item__price--old product-grid-footer__price--old nano | flush--bottom">€4.04</del><strong class="product-item__price product-item__price--new product-grid-footer__price--new brand-color"><span class="delta">3</span><span class="milli">,80 €</span></strong></span><span class="product-grid-footer__buttons"><button class="btn btn--small btn--remove-circle | is-hidden | js-remove-from-cart "></button><button type="submit" class="btn btn--shop btn--shop-mobile-circle js-add-to-cart |  " data-can-buy-classes="btn--shop btn--shop-mobile-circle" data-can-buy-text="Add" data-can-not-buy-text="More info"
                        data-has-promo="0"><span class="btn--shop__text js-btn-text">Add</span></button></span></form></div></article></div><div class="grid__item m-one-whole t-one-third d-one-third dw-one-quarter | js-product-grid-grid"><article class="js-product-item js-article |  product-item product-item--grid | js-product-container js-article js-article-25295 product-item--grid margin-trailer-1"
     id="product-25295"
     data-product-name="Chocolate chip cookies Gluten Gullón"
     data-product-id="25295"
     data-price="1.99"
     data-position="16"
     data-product-brand="Gullón"
     data-list-type="Campaign Listing"
     ><div class="product-item__main"><div class="in-cart-quantity | js-in-cart-quantity is-hidden"></div><div class="product-item__offer"></div><div class="badge-container"></div><a class="product-item__image nauru js-pjax js-article-link" href="/en/product/galletas-con-chips-de-chocolate-sin-gluten-gullon/25295" title="Buy Chocolate chip cookies Gluten Gullón"><img src="/img/pixel.png" data-src="https://static.ulabox.com/media/61902_m1.jpg" class="lazy" alt="Chocolate chip cookies Gluten Gullón" width="160"></a><div class="islet"><hgroup class="product-item__title"><h4 class="product-item__brand micro | push-half--bottom"><a href="/en/brand/gullon/1012" title="See more products from Gullón" class="js-pjax">
                        Gullón
                    </a></h4><h3 class="product-item__name zeta face-normal | flush--bottom"><a href="/en/product/galletas-con-chips-de-chocolate-sin-gluten-gullon/25295" title="Buy Chocolate chip cookies Gluten Gullón" class="js-article-link | js-pjax">
                        Chocolate chip cookies Gluten Gullón
                    </a><span class="product-item__info weak-text-color"><small class="product-item__units nano">130 gr</small><small class="product-item__ppu nano"> | €15.31 / kg.</small></span></h3></hgroup></div><div class="flexbox | soft-half--sides"><div class="flexbox__item"><div class="star-rating star-rating--small"><div class="current-rating current-rating--5"><i class="star-rating__star"></i></div></div><a class="review-count-bubble review-count-bubble--compact | pico | flush--bottom push-half--left" href="/en/product/galletas-con-chips-de-chocolate-sin-gluten-gullon/25295#reviews" title="See 2 reviews on Chocolate chip cookies Gluten Gullón">2</a></div><div class="flexbox__item | text--right"><div class="dropdown | dropdown__menu--right | js-dropdown-toggle" data-json='{"followMouse": true, "target": "#product_dropdown", "noClose": true}'><a class="dropdown__toggle | nano | nauru flush--bottom | is-hidden-if-no-js js-show-customer-lists" href="/en/account/lists/" ><i class="icon icon--plus"></i> Add to list
                    </a></div></div></div></div><div class="product-item__shop product-grid__footer | islet "><form class="float--right" action="/en/cart/product/25295" method="post"><span class="product-grid-footer__price"><strong class="product-item__price"><span class="delta">1</span><span class="milli">,99 €</span></strong></span><span class="product-grid-footer__buttons"><button class="btn btn--small btn--remove-circle | is-hidden | js-remove-from-cart "></button><button type="submit" class="btn btn--shop btn--shop-mobile-circle js-add-to-cart |  " data-can-buy-classes="btn--shop btn--shop-mobile-circle" data-can-buy-text="Add" data-can-not-buy-text="More info"
                        data-has-promo="0"><span class="btn--shop__text js-btn-text">Add</span></button></span></form></div></article></div><div class="grid__item m-one-whole t-one-third d-one-third dw-one-quarter | js-product-grid-grid"><article class="js-product-item js-article |  product-item product-item--grid | js-product-container js-article js-article-7715 product-item--grid margin-trailer-1"
     id="product-7715"
     data-product-name="Gerblé Chocolate Cookies without Gluten"
     data-product-id="7715"
     data-price="3.6"
     data-position="17"
     data-product-brand="Gerblé"
     data-list-type="Campaign Listing"
     ><div class="product-item__main"><div class="in-cart-quantity | js-in-cart-quantity is-hidden"></div><div class="product-item__offer"></div><div class="badge-container"></div><a class="product-item__image nauru js-pjax js-article-link" href="/en/product/gerble-cookies-de-chocolate-sin-gluten/7715" title="Buy Gerblé Chocolate Cookies without Gluten"><img src="/img/pixel.png" data-src="https://static.ulabox.com/media/54371_m1.jpg" class="lazy" alt="Gerblé Chocolate Cookies without Gluten" width="160"></a><div class="islet"><hgroup class="product-item__title"><h4 class="product-item__brand micro | push-half--bottom"><a href="/en/brand/gerble/1325" title="See more products from Gerblé" class="js-pjax">
                        Gerblé
                    </a></h4><h3 class="product-item__name zeta face-normal | flush--bottom"><a href="/en/product/gerble-cookies-de-chocolate-sin-gluten/7715" title="Buy Gerblé Chocolate Cookies without Gluten" class="js-article-link | js-pjax">
                        Gerblé Chocolate Cookies without Gluten
                    </a><span class="product-item__info weak-text-color"><small class="product-item__units nano">150 gr</small><small class="product-item__ppu nano"> | €24.00 / kg.</small></span></h3></hgroup></div><div class="flexbox | soft-half--sides"><div class="flexbox__item"></div><div class="flexbox__item | text--right"><div class="dropdown | dropdown__menu--right | js-dropdown-toggle" data-json='{"followMouse": true, "target": "#product_dropdown", "noClose": true}'><a class="dropdown__toggle | nano | nauru flush--bottom | is-hidden-if-no-js js-show-customer-lists" href="/en/account/lists/" ><i class="icon icon--plus"></i> Add to list
                    </a></div></div></div></div><div class="product-item__shop product-grid__footer | islet "><form class="float--right" action="/en/cart/product/7715" method="post"><span class="product-grid-footer__price"><strong class="product-item__price"><span class="delta">3</span><span class="milli">,60 €</span></strong></span><span class="product-grid-footer__buttons"><button class="btn btn--small btn--remove-circle | is-hidden | js-remove-from-cart "></button><button type="submit" class="btn btn--shop btn--shop-mobile-circle js-add-to-cart |  " data-can-buy-classes="btn--shop btn--shop-mobile-circle" data-can-buy-text="Add" data-can-not-buy-text="More info"
                        data-has-promo="0"><span class="btn--shop__text js-btn-text">Add</span></button></span></form></div></article></div></div></div></div><form class="js-add-to-list" autocomplete="off" action="/en/account/lists/product/new" method="post"><div class="dropdown | js-dropdown" id="product_dropdown"><a class="dropdown__toggle | js-dropdown-toggle" href="" title=""></a><div class="dropdown__menu | container-lifted | dropdown__menu--medium | dropdown__menu--right | js-dropdown-menu"><div class="milli | flush--bottom"><div class="flexbox | facet-header | container-dark | border--bottom"><strong class="flexbox__item | base-line-height | milli">
        My lists
    </strong></div><div class="js-dropdown-ajax-content"><div class="islet"><!--googleoff: all--><div class="js-customer-list-container"><div class="text--center"><span class="face-bold weak-text-color islet">In order to create lists and save products you must enter your account</span><a class="push-half--ends btn btn--primary js-pjax" href="/en/enter?back=/en/campaign/productos-sin-gluten">Access your account</a></div></div><!--googleon: all--></div><div class="is-hidden js-lists-error"><div class="alert--error | micro | "><div class="media"><div class="media__body"><i class="icon icon--info"></i>
            
                        
                                                            Sorry, we could not load your lists. Try again in a moment. 
                                    </div></div></div></div></div></div></div></div></form><header class="container-white | islet | flexbox | border--bottom" id="flour-sugar-baking"><a class="flexbox__item | js-pjax" href="/en/campaign/productos-sin-gluten/cat=1524"><h2 class="brand-face | epsilon |  base-line-height | flush--bottom | text--left">Flour, Sugar &amp; Baking</h2></a><a class="btn btn--tiny btn--inset | flexbox__item | float--right | js-pjax"  href="/en/campaign/productos-sin-gluten/cat=1524">
            See all&nbsp;<i class="icon icon--caret-right"></i></a></header><div id="product-list" class="js-product-list | container-light | border--bottom | clear-fix"><div class="container-light | t-island d-island dw-island"><div class="grid"><div class="grid__item m-one-whole t-one-third d-one-third dw-one-quarter | js-product-grid-grid"><article class="js-product-item js-article |  product-item product-item--grid | js-product-container js-article js-article-23638 product-item--grid margin-trailer-1"
     id="product-23638"
     data-product-name="Gallo Flour Mix Without Gluten"
     data-product-id="23638"
     data-price="2.49"
     data-position="1"
     data-product-brand="Gallo"
     data-list-type="Campaign Listing"
     ><div class="product-item__main"><div class="in-cart-quantity | js-in-cart-quantity is-hidden"></div><div class="product-item__offer"></div><div class="badge-container"></div><a class="product-item__image nauru js-pjax js-article-link" href="/en/product/harina-mix-sin-gluten-gallo-500gr/23638" title="Buy Gallo Flour Mix Without Gluten"><img src="/img/pixel.png" data-src="https://static.ulabox.com/media/74827_m1.jpg" class="lazy" alt="Gallo Flour Mix Without Gluten" width="160"></a><div class="islet"><hgroup class="product-item__title"><h4 class="product-item__brand micro | push-half--bottom"><a href="/en/brand/gallo/864" title="See more products from Gallo" class="js-pjax">
                        Gallo
                    </a></h4><h3 class="product-item__name zeta face-normal | flush--bottom"><a href="/en/product/harina-mix-sin-gluten-gallo-500gr/23638" title="Buy Gallo Flour Mix Without Gluten" class="js-article-link | js-pjax">
                        Gallo Flour Mix Without Gluten
                    </a><span class="product-item__info weak-text-color"><small class="product-item__units nano">500 gr</small><small class="product-item__ppu nano"> | €4.98 / kg.</small></span></h3></hgroup></div><div class="flexbox | soft-half--sides"><div class="flexbox__item"></div><div class="flexbox__item | text--right"><div class="dropdown | dropdown__menu--right | js-dropdown-toggle" data-json='{"followMouse": true, "target": "#product_dropdown", "noClose": true}'><a class="dropdown__toggle | nano | nauru flush--bottom | is-hidden-if-no-js js-show-customer-lists" href="/en/account/lists/" ><i class="icon icon--plus"></i> Add to list
                    </a></div></div></div></div><div class="product-item__shop product-grid__footer | islet "><form class="float--right" action="/en/cart/product/23638" method="post"><span class="product-grid-footer__price"><strong class="product-item__price"><span class="delta">2</span><span class="milli">,49 €</span></strong></span><span class="product-grid-footer__buttons"><button class="btn btn--small btn--remove-circle | is-hidden | js-remove-from-cart "></button><button type="submit" class="btn btn--shop btn--shop-mobile-circle js-add-to-cart |  " data-can-buy-classes="btn--shop btn--shop-mobile-circle" data-can-buy-text="Add" data-can-not-buy-text="More info"
                        data-has-promo="0"><span class="btn--shop__text js-btn-text">Add</span></button></span></form></div></article></div><div class="grid__item m-one-whole t-one-third d-one-third dw-one-quarter | js-product-grid-grid"><article class="js-product-item js-article |  product-item product-item--grid | js-product-container js-article js-article-46225 product-item--grid margin-trailer-1"
     id="product-46225"
     data-product-name="Prepared for Vegan Oatmeal Pancakes without Gluten and without Allergens Muuglu 340 gr"
     data-product-id="46225"
     data-price="5.99"
     data-position="2"
     data-product-brand="Muuglu"
     data-list-type="Campaign Listing"
     ><div class="product-item__main"><div class="in-cart-quantity | js-in-cart-quantity is-hidden"></div><div class="product-item__offer"></div><div class="badge-container"></div><a class="product-item__image nauru js-pjax js-article-link" href="/en/product/preparado-para-pancakes-de-avena-veganas-sin-gluten-y-sin-alergenos-muuglu-340-gr/46225" title="Buy Prepared for Vegan Oatmeal Pancakes without Gluten and without Allergens Muuglu 340 gr"><img src="/img/pixel.png" data-src="https://static.ulabox.com/media/109521_m1.jpg" class="lazy" alt="Prepared for Vegan Oatmeal Pancakes without Gluten and without Allergens Muuglu 340 gr" width="160"></a><div class="islet"><hgroup class="product-item__title"><h4 class="product-item__brand micro | push-half--bottom"><a href="/en/brand/muuglu/3732" title="See more products from Muuglu" class="js-pjax">
                        Muuglu
                    </a></h4><h3 class="product-item__name zeta face-normal | flush--bottom"><a href="/en/product/preparado-para-pancakes-de-avena-veganas-sin-gluten-y-sin-alergenos-muuglu-340-gr/46225" title="Buy Prepared for Vegan Oatmeal Pancakes without Gluten and without Allergens Muuglu 340 gr" class="js-article-link | js-pjax">
                        Prepared for Vegan Oatmeal Pancakes without …
                    </a><span class="product-item__info weak-text-color"><small class="product-item__units nano">340 gr</small><small class="product-item__ppu nano"> | €17.62 / kg.</small><a
          class="tag tag-eco  tag--small push-half--left"
          href="/en/filter/eco"
          title="eco"
        >
          Organic
        </a></span></h3></hgroup></div><div class="flexbox | soft-half--sides"><div class="flexbox__item"></div><div class="flexbox__item | text--right"><div class="dropdown | dropdown__menu--right | js-dropdown-toggle" data-json='{"followMouse": true, "target": "#product_dropdown", "noClose": true}'><a class="dropdown__toggle | nano | nauru flush--bottom | is-hidden-if-no-js js-show-customer-lists" href="/en/account/lists/" ><i class="icon icon--plus"></i> Add to list
                    </a></div></div></div></div><div class="product-item__shop product-grid__footer | islet "><form class="float--right" action="/en/cart/product/46225" method="post"><span class="product-grid-footer__price"><strong class="product-item__price"><span class="delta">5</span><span class="milli">,99 €</span></strong></span><span class="product-grid-footer__buttons"><button class="btn btn--small btn--remove-circle | is-hidden | js-remove-from-cart "></button><button type="submit" class="btn btn--shop btn--shop-mobile-circle js-add-to-cart |  " data-can-buy-classes="btn--shop btn--shop-mobile-circle" data-can-buy-text="Add" data-can-not-buy-text="More info"
                        data-has-promo="0"><span class="btn--shop__text js-btn-text">Add</span></button></span></form></div></article></div><div class="grid__item m-one-whole t-one-third d-one-third dw-one-quarter | js-product-grid-grid"><article class="js-product-item js-article |  product-item product-item--grid | js-product-container js-article js-article-49651 product-item--grid margin-trailer-1"
     id="product-49651"
     data-product-name=" Bread Crumbs Gluten Gallo 200gr"
     data-product-id="49651"
     data-price="1.86"
     data-position="3"
     data-product-brand="Gallo"
     data-list-type="Campaign Listing"
     ><div class="product-item__main"><div class="in-cart-quantity | js-in-cart-quantity is-hidden"></div><div class="product-item__offer"></div><div class="badge-container"></div><a class="product-item__image nauru js-pjax js-article-link" href="/en/product/pan-rallado-sin-gluten-gallo-200gr/49651" title="Buy  Bread Crumbs Gluten Gallo 200gr"><img src="/img/pixel.png" data-src="https://static.ulabox.com/media/124782_m1.jpg" class="lazy" alt=" Bread Crumbs Gluten Gallo 200gr" width="160"></a><div class="islet"><hgroup class="product-item__title"><h4 class="product-item__brand micro | push-half--bottom"><a href="/en/brand/gallo/864" title="See more products from Gallo" class="js-pjax">
                        Gallo
                    </a></h4><h3 class="product-item__name zeta face-normal | flush--bottom"><a href="/en/product/pan-rallado-sin-gluten-gallo-200gr/49651" title="Buy  Bread Crumbs Gluten Gallo 200gr" class="js-article-link | js-pjax">
                         Bread Crumbs Gluten Gallo 200gr
                    </a><span class="product-item__info weak-text-color"><small class="product-item__units nano">200 gr</small><small class="product-item__ppu nano"> | €9.30 / kg.</small></span></h3></hgroup></div><div class="flexbox | soft-half--sides"><div class="flexbox__item"></div><div class="flexbox__item | text--right"><div class="dropdown | dropdown__menu--right | js-dropdown-toggle" data-json='{"followMouse": true, "target": "#product_dropdown", "noClose": true}'><a class="dropdown__toggle | nano | nauru flush--bottom | is-hidden-if-no-js js-show-customer-lists" href="/en/account/lists/" ><i class="icon icon--plus"></i> Add to list
                    </a></div></div></div></div><div class="product-item__shop product-grid__footer | islet "><form class="float--right" action="/en/cart/product/49651" method="post"><span class="product-grid-footer__price"><strong class="product-item__price"><span class="delta">1</span><span class="milli">,86 €</span></strong></span><span class="product-grid-footer__buttons"><button class="btn btn--small btn--remove-circle | is-hidden | js-remove-from-cart "></button><button type="submit" class="btn btn--shop btn--shop-mobile-circle js-add-to-cart |  " data-can-buy-classes="btn--shop btn--shop-mobile-circle" data-can-buy-text="Add" data-can-not-buy-text="More info"
                        data-has-promo="0"><span class="btn--shop__text js-btn-text">Add</span></button></span></form></div></article></div><div class="grid__item m-one-whole t-one-third d-one-third dw-one-quarter | js-product-grid-grid"><article class="js-product-item js-article |  product-item product-item--grid | js-product-container js-article js-article-46652 product-item--grid margin-trailer-1"
     id="product-46652"
     data-product-name="Rice Flour Eco Gluten Free Nature &amp; Cie Eco 500gr"
     data-product-id="46652"
     data-price="2.75"
     data-position="4"
     data-product-brand="Nature &amp; Cie"
     data-list-type="Campaign Listing"
     ><div class="product-item__main"><div class="in-cart-quantity | js-in-cart-quantity is-hidden"></div><strong class="product-item__offer brand-color micro ellipsis-fadeout | islet flush--bottom | m-hide">¡Bajamos el precio!</strong><div class="badge-container"></div><a class="product-item__image nauru js-pjax js-article-link" href="/en/product/harina-de-arroz-eco-sin-gluten-nature-cie-eco-500gr/46652" title="Buy Rice Flour Eco Gluten Free Nature &amp; Cie Eco 500gr"><img src="/img/pixel.png" data-src="https://static.ulabox.com/media/112062_m1.jpg" class="lazy" alt="Rice Flour Eco Gluten Free Nature &amp; Cie Eco 500gr" width="160"></a><div class="islet"><hgroup class="product-item__title"><h4 class="product-item__brand micro | push-half--bottom"><a href="/en/brand/nature-cie/4701" title="See more products from Nature &amp; Cie" class="js-pjax">
                        Nature &amp; Cie
                    </a></h4><h3 class="product-item__name zeta face-normal | flush--bottom"><a href="/en/product/harina-de-arroz-eco-sin-gluten-nature-cie-eco-500gr/46652" title="Buy Rice Flour Eco Gluten Free Nature &amp; Cie Eco 500gr" class="js-article-link | js-pjax">
                        Rice Flour Eco Gluten Free Nature &amp; Cie Eco …
                    </a><span class="product-item__info weak-text-color"><small class="product-item__units nano">500 gr</small><small class="product-item__ppu nano"> | €5.50 / kg.</small><a
          class="tag tag-eco  tag--small push-half--left"
          href="/en/filter/eco"
          title="eco"
        >
          Organic
        </a></span></h3></hgroup></div><div class="flexbox | soft-half--sides"><div class="flexbox__item"></div><div class="flexbox__item | text--right"><div class="dropdown | dropdown__menu--right | js-dropdown-toggle" data-json='{"followMouse": true, "target": "#product_dropdown", "noClose": true}'><a class="dropdown__toggle | nano | nauru flush--bottom | is-hidden-if-no-js js-show-customer-lists" href="/en/account/lists/" ><i class="icon icon--plus"></i> Add to list
                    </a></div></div></div></div><div class="product-item__shop product-grid__footer | islet product-item__shop--twolines"><form class="float--right" action="/en/cart/product/46652" method="post"><span class="product-grid-footer__price"><del class="product-item__price product-item__price--old product-grid-footer__price--old nano | flush--bottom">€3.09</del><strong class="product-item__price product-item__price--new product-grid-footer__price--new brand-color"><span class="delta">2</span><span class="milli">,75 €</span></strong></span><span class="product-grid-footer__buttons"><button class="btn btn--small btn--remove-circle | is-hidden | js-remove-from-cart "></button><button type="submit" class="btn btn--shop btn--shop-mobile-circle js-add-to-cart |  " data-can-buy-classes="btn--shop btn--shop-mobile-circle" data-can-buy-text="Add" data-can-not-buy-text="More info"
                        data-has-promo="0"><span class="btn--shop__text js-btn-text">Add</span></button></span></form></div></article></div><div class="grid__item m-one-whole t-one-third d-one-third dw-one-quarter | js-product-grid-grid"><article class="js-product-item js-article |  product-item product-item--grid | js-product-container js-article js-article-7111 product-item--grid margin-trailer-1"
     id="product-7111"
     data-product-name="DIET Rádisson Grated Bread without Gluten"
     data-product-id="7111"
     data-price="2.39"
     data-position="5"
     data-product-brand="DIET Rádisson"
     data-list-type="Campaign Listing"
     ><div class="product-item__main"><div class="in-cart-quantity | js-in-cart-quantity is-hidden"></div><strong class="product-item__offer brand-color micro ellipsis-fadeout | islet flush--bottom | m-hide">¡Bajamos el precio!</strong><div class="badge-container"></div><a class="product-item__image nauru js-pjax js-article-link" href="/en/product/diet-radisson-pan-rallado-sin-gluten/7111" title="Buy DIET Rádisson Grated Bread without Gluten"><img src="/img/pixel.png" data-src="https://static.ulabox.com/media/32885_m1.jpg" class="lazy" alt="DIET Rádisson Grated Bread without Gluten" width="160"></a><div class="islet"><hgroup class="product-item__title"><h4 class="product-item__brand micro | push-half--bottom"><a href="/en/brand/diet-radisson/834" title="See more products from DIET Rádisson" class="js-pjax">
                        DIET Rádisson
                    </a></h4><h3 class="product-item__name zeta face-normal | flush--bottom"><a href="/en/product/diet-radisson-pan-rallado-sin-gluten/7111" title="Buy DIET Rádisson Grated Bread without Gluten" class="js-article-link | js-pjax">
                        DIET Rádisson Grated Bread without Gluten
                    </a><span class="product-item__info weak-text-color"><small class="product-item__units nano">250 gr</small><small class="product-item__ppu nano"> | €9.56 / kg.</small></span></h3></hgroup></div><div class="flexbox | soft-half--sides"><div class="flexbox__item"><div class="star-rating star-rating--small"><div class="current-rating current-rating--5"><i class="star-rating__star"></i></div></div><a class="review-count-bubble review-count-bubble--compact | pico | flush--bottom push-half--left" href="/en/product/diet-radisson-pan-rallado-sin-gluten/7111#reviews" title="See 2 reviews on DIET Rádisson Grated Bread without Gluten">2</a></div><div class="flexbox__item | text--right"><div class="dropdown | dropdown__menu--right | js-dropdown-toggle" data-json='{"followMouse": true, "target": "#product_dropdown", "noClose": true}'><a class="dropdown__toggle | nano | nauru flush--bottom | is-hidden-if-no-js js-show-customer-lists" href="/en/account/lists/" ><i class="icon icon--plus"></i> Add to list
                    </a></div></div></div></div><div class="product-item__shop product-grid__footer | islet product-item__shop--twolines"><form class="float--right" action="/en/cart/product/7111" method="post"><span class="product-grid-footer__price"><del class="product-item__price product-item__price--old product-grid-footer__price--old nano | flush--bottom">€2.59</del><strong class="product-item__price product-item__price--new product-grid-footer__price--new brand-color"><span class="delta">2</span><span class="milli">,39 €</span></strong></span><span class="product-grid-footer__buttons"><button class="btn btn--small btn--remove-circle | is-hidden | js-remove-from-cart "></button><button type="submit" class="btn btn--shop btn--shop-mobile-circle js-add-to-cart |  " data-can-buy-classes="btn--shop btn--shop-mobile-circle" data-can-buy-text="Add" data-can-not-buy-text="More info"
                        data-has-promo="0"><span class="btn--shop__text js-btn-text">Add</span></button></span></form></div></article></div></div></div></div><form class="js-add-to-list" autocomplete="off" action="/en/account/lists/product/new" method="post"><div class="dropdown | js-dropdown" id="product_dropdown"><a class="dropdown__toggle | js-dropdown-toggle" href="" title=""></a><div class="dropdown__menu | container-lifted | dropdown__menu--medium | dropdown__menu--right | js-dropdown-menu"><div class="milli | flush--bottom"><div class="flexbox | facet-header | container-dark | border--bottom"><strong class="flexbox__item | base-line-height | milli">
        My lists
    </strong></div><div class="js-dropdown-ajax-content"><div class="islet"><!--googleoff: all--><div class="js-customer-list-container"><div class="text--center"><span class="face-bold weak-text-color islet">In order to create lists and save products you must enter your account</span><a class="push-half--ends btn btn--primary js-pjax" href="/en/enter?back=/en/campaign/productos-sin-gluten">Access your account</a></div></div><!--googleon: all--></div><div class="is-hidden js-lists-error"><div class="alert--error | micro | "><div class="media"><div class="media__body"><i class="icon icon--info"></i>
            
                        
                                                            Sorry, we could not load your lists. Try again in a moment. 
                                    </div></div></div></div></div></div></div></div></form><div id="product-list" class="js-product-list | container-light | border--bottom | clear-fix"><div class="container-light | t-island d-island dw-island"><div class="grid"><div class="grid__item m-one-whole t-one-third d-one-third dw-one-quarter | js-product-grid-grid"><article class="js-product-item js-article |  product-item product-item--grid | js-product-container js-article js-article-29817 product-item--grid margin-trailer-1"
     id="product-29817"
     data-product-name="Chicken Croquettes - 12 units without Gluten"
     data-product-id="29817"
     data-price="3.35"
     data-position="1"
     data-product-brand="Torrent"
     data-list-type="Campaign Listing"
     ><div class="product-item__main"><div class="in-cart-quantity | js-in-cart-quantity is-hidden"></div><div class="product-item__offer"></div><div class="badge-container"></div><a class="product-item__image nauru js-pjax js-article-link" href="/en/product/croquetas-de-pollo-12-unidades-sin-gluten/29817" title="Buy Chicken Croquettes - 12 units without Gluten"><img src="/img/pixel.png" data-src="https://static.ulabox.com/media/52233_m1.jpg" class="lazy" alt="Chicken Croquettes - 12 units without Gluten" width="160"></a><div class="islet"><hgroup class="product-item__title"><h4 class="product-item__brand micro | push-half--bottom"><a href="/en/brand/torrent/3337" title="See more products from Torrent" class="js-pjax">
                        Torrent
                    </a></h4><h3 class="product-item__name zeta face-normal | flush--bottom"><a href="/en/product/croquetas-de-pollo-12-unidades-sin-gluten/29817" title="Buy Chicken Croquettes - 12 units without Gluten" class="js-article-link | js-pjax">
                        Chicken Croquettes - 12 units without Gluten
                    </a><span class="product-item__info weak-text-color"><small class="product-item__units nano">340 gr</small><small class="product-item__ppu nano"> | €9.85 / kg.</small><a
          class="tag tag-categoria-de-fresco-basicos-ulabox  tag--small push-half--left"
          href="/en/filter/categoria-de-fresco-basicos-ulabox"
          title="categoria-de-fresco-basicos-ulabox"
        >
          Essential
        </a></span></h3></hgroup></div><div class="flexbox | soft-half--sides"><div class="flexbox__item"><div class="star-rating star-rating--small"><div class="current-rating current-rating--5"><i class="star-rating__star"></i></div></div><a class="review-count-bubble review-count-bubble--compact | pico | flush--bottom push-half--left" href="/en/product/croquetas-de-pollo-12-unidades-sin-gluten/29817#reviews" title="See review on Chicken Croquettes - 12 units without Gluten">1</a></div><div class="flexbox__item | text--right"><div class="dropdown | dropdown__menu--right | js-dropdown-toggle" data-json='{"followMouse": true, "target": "#product_dropdown", "noClose": true}'><a class="dropdown__toggle | nano | nauru flush--bottom | is-hidden-if-no-js js-show-customer-lists" href="/en/account/lists/" ><i class="icon icon--plus"></i> Add to list
                    </a></div></div></div></div><div class="product-item__shop product-grid__footer | islet "><form class="float--right" action="/en/cart/product/29817" method="post"><span class="product-grid-footer__price"><strong class="product-item__price"><span class="delta">3</span><span class="milli">,35 €</span></strong></span><span class="product-grid-footer__buttons"><button class="btn btn--small btn--remove-circle | is-hidden | js-remove-from-cart js-logistic-product"></button><button type="submit" class="btn btn--shop btn--shop-mobile-circle js-add-to-cart | js-logistic-product " data-can-buy-classes="btn--shop btn--shop-mobile-circle" data-can-buy-text="Add" data-can-not-buy-text="More info"
                        data-has-promo="0"><span class="btn--shop__text js-btn-text">Add</span></button></span></form></div></article></div><div class="grid__item m-one-whole t-one-third d-one-third dw-one-quarter | js-product-grid-grid"><article class="js-product-item js-article |  product-item product-item--grid | js-product-container js-article js-article-29825 product-item--grid margin-trailer-1"
     id="product-29825"
     data-product-name="Battered Chicken Breast - Save 10/12 fillets without Gluten"
     data-product-id="29825"
     data-price="8.29"
     data-position="2"
     data-product-brand="Torrent"
     data-list-type="Campaign Listing"
     ><div class="product-item__main"><div class="in-cart-quantity | js-in-cart-quantity is-hidden"></div><strong class="product-item__offer brand-color micro ellipsis-fadeout | islet flush--bottom | m-hide">¡Oferta!</strong><div class="badge-container"></div><a class="product-item__image nauru js-pjax js-article-link" href="/en/product/pechuga-de-pollo-rebozado-sin-gluten-ahorro-10-12-filetes/29825" title="Buy Battered Chicken Breast - Save 10/12 fillets without Gluten"><img src="/img/pixel.png" data-src="https://static.ulabox.com/media/33856_m1.jpg" class="lazy" alt="Battered Chicken Breast - Save 10/12 fillets without Gluten" width="160"></a><div class="islet"><hgroup class="product-item__title"><h4 class="product-item__brand micro | push-half--bottom"><a href="/en/brand/torrent/3337" title="See more products from Torrent" class="js-pjax">
                        Torrent
                    </a></h4><h3 class="product-item__name zeta face-normal | flush--bottom"><a href="/en/product/pechuga-de-pollo-rebozado-sin-gluten-ahorro-10-12-filetes/29825" title="Buy Battered Chicken Breast - Save 10/12 fillets without Gluten" class="js-article-link | js-pjax">
                        Battered Chicken Breast - Save 10/12 fillets …
                    </a><span class="product-item__info weak-text-color"><small class="product-item__units nano">1,000 gr</small><small class="product-item__ppu nano"> | €8.29 / kg.</small><a
          class="tag tag-categoria-de-fresco-basicos-ulabox  tag--small push-half--left"
          href="/en/filter/categoria-de-fresco-basicos-ulabox"
          title="categoria-de-fresco-basicos-ulabox"
        >
          Essential
        </a></span></h3></hgroup></div><div class="flexbox | soft-half--sides"><div class="flexbox__item"></div><div class="flexbox__item | text--right"><div class="dropdown | dropdown__menu--right | js-dropdown-toggle" data-json='{"followMouse": true, "target": "#product_dropdown", "noClose": true}'><a class="dropdown__toggle | nano | nauru flush--bottom | is-hidden-if-no-js js-show-customer-lists" href="/en/account/lists/" ><i class="icon icon--plus"></i> Add to list
                    </a></div></div></div></div><div class="product-item__shop product-grid__footer | islet product-item__shop--twolines"><form class="float--right" action="/en/cart/product/29825" method="post"><span class="product-grid-footer__price"><del class="product-item__price product-item__price--old product-grid-footer__price--old nano | flush--bottom">€9.29</del><strong class="product-item__price product-item__price--new product-grid-footer__price--new brand-color"><span class="delta">8</span><span class="milli">,29 €</span></strong></span><span class="product-grid-footer__buttons"><button class="btn btn--small btn--remove-circle | is-hidden | js-remove-from-cart js-logistic-product"></button><button type="submit" class="btn btn--shop btn--shop-mobile-circle js-add-to-cart | js-logistic-product " data-can-buy-classes="btn--shop btn--shop-mobile-circle" data-can-buy-text="Add" data-can-not-buy-text="More info"
                        data-has-promo="0"><span class="btn--shop__text js-btn-text">Add</span></button></span></form></div></article></div><div class="grid__item m-one-whole t-one-third d-one-third dw-one-quarter | js-product-grid-grid"><article class="js-product-item js-article |  product-item product-item--grid | js-product-container js-article js-article-37950 product-item--grid margin-trailer-1"
     id="product-37950"
     data-product-name="Grilled Chicken Croquettes - 12 units without Gluten"
     data-product-id="37950"
     data-price="4.85"
     data-position="3"
     data-product-brand="Torrent"
     data-list-type="Campaign Listing"
     ><div class="product-item__main"><div class="in-cart-quantity | js-in-cart-quantity is-hidden"></div><div class="product-item__offer"></div><div class="badge-container"></div><a class="product-item__image nauru js-pjax js-article-link" href="/en/product/croquetas-de-pollo-asado-12unidades-sin-gluten/37950" title="Buy Grilled Chicken Croquettes - 12 units without Gluten"><img src="/img/pixel.png" data-src="https://static.ulabox.com/media/83673_m1.jpg" class="lazy" alt="Grilled Chicken Croquettes - 12 units without Gluten" width="160"></a><div class="islet"><hgroup class="product-item__title"><h4 class="product-item__brand micro | push-half--bottom"><a href="/en/brand/torrent/3337" title="See more products from Torrent" class="js-pjax">
                        Torrent
                    </a></h4><h3 class="product-item__name zeta face-normal | flush--bottom"><a href="/en/product/croquetas-de-pollo-asado-12unidades-sin-gluten/37950" title="Buy Grilled Chicken Croquettes - 12 units without Gluten" class="js-article-link | js-pjax">
                        Grilled Chicken Croquettes - 12 units without …
                    </a><span class="product-item__info weak-text-color"><small class="product-item__units nano">340 gr</small><small class="product-item__ppu nano"> | €14.26 / kg.</small><a
          class="tag tag-categoria-de-fresco-basicos-ulabox  tag--small push-half--left"
          href="/en/filter/categoria-de-fresco-basicos-ulabox"
          title="categoria-de-fresco-basicos-ulabox"
        >
          Essential
        </a></span></h3></hgroup></div><div class="flexbox | soft-half--sides"><div class="flexbox__item"><div class="star-rating star-rating--small"><div class="current-rating current-rating--5"><i class="star-rating__star"></i></div></div><a class="review-count-bubble review-count-bubble--compact | pico | flush--bottom push-half--left" href="/en/product/croquetas-de-pollo-asado-12unidades-sin-gluten/37950#reviews" title="See review on Grilled Chicken Croquettes - 12 units without Gluten">1</a></div><div class="flexbox__item | text--right"><div class="dropdown | dropdown__menu--right | js-dropdown-toggle" data-json='{"followMouse": true, "target": "#product_dropdown", "noClose": true}'><a class="dropdown__toggle | nano | nauru flush--bottom | is-hidden-if-no-js js-show-customer-lists" href="/en/account/lists/" ><i class="icon icon--plus"></i> Add to list
                    </a></div></div></div></div><div class="product-item__shop product-grid__footer | islet "><form class="float--right" action="/en/cart/product/37950" method="post"><span class="product-grid-footer__price"><strong class="product-item__price"><span class="delta">4</span><span class="milli">,85 €</span></strong></span><span class="product-grid-footer__buttons"><button class="btn btn--small btn--remove-circle | is-hidden | js-remove-from-cart js-logistic-product"></button><button type="submit" class="btn btn--shop btn--shop-mobile-circle js-add-to-cart | js-logistic-product " data-can-buy-classes="btn--shop btn--shop-mobile-circle" data-can-buy-text="Add" data-can-not-buy-text="More info"
                        data-has-promo="0"><span class="btn--shop__text js-btn-text">Add</span></button></span></form></div></article></div><div class="grid__item m-one-whole t-one-third d-one-third dw-one-quarter | js-product-grid-grid"><article class="js-product-item js-article |  product-item product-item--grid | js-product-container js-article js-article-29826 product-item--grid margin-trailer-1"
     id="product-29826"
     data-product-name="Battered Chicken Breast - 6 fillets without Gluten"
     data-product-id="29826"
     data-price="3.65"
     data-position="4"
     data-product-brand="Torrent"
     data-list-type="Campaign Listing"
     ><div class="product-item__main"><div class="in-cart-quantity | js-in-cart-quantity is-hidden"></div><strong class="product-item__offer brand-color micro ellipsis-fadeout | islet flush--bottom | m-hide">¡Oferta!</strong><div class="badge-container"></div><a class="product-item__image nauru js-pjax js-article-link" href="/en/product/pechuga-de-pollo-rebozada-6-filetes-sin-gluten-400-gr/29826" title="Buy Battered Chicken Breast - 6 fillets without Gluten"><img src="/img/pixel.png" data-src="https://static.ulabox.com/media/33856_m1.jpg" class="lazy" alt="Battered Chicken Breast - 6 fillets without Gluten" width="160"></a><div class="islet"><hgroup class="product-item__title"><h4 class="product-item__brand micro | push-half--bottom"><a href="/en/brand/torrent/3337" title="See more products from Torrent" class="js-pjax">
                        Torrent
                    </a></h4><h3 class="product-item__name zeta face-normal | flush--bottom"><a href="/en/product/pechuga-de-pollo-rebozada-6-filetes-sin-gluten-400-gr/29826" title="Buy Battered Chicken Breast - 6 fillets without Gluten" class="js-article-link | js-pjax">
                        Battered Chicken Breast - 6 fillets without …
                    </a><span class="product-item__info weak-text-color"><small class="product-item__units nano">400 gr</small><small class="product-item__ppu nano"> | €9.13 / kg.</small><a
          class="tag tag-categoria-de-fresco-basicos-ulabox  tag--small push-half--left"
          href="/en/filter/categoria-de-fresco-basicos-ulabox"
          title="categoria-de-fresco-basicos-ulabox"
        >
          Essential
        </a></span></h3></hgroup></div><div class="flexbox | soft-half--sides"><div class="flexbox__item"><div class="star-rating star-rating--small"><div class="current-rating current-rating--3-5"><i class="star-rating__star"></i></div></div><a class="review-count-bubble review-count-bubble--compact | pico | flush--bottom push-half--left" href="/en/product/pechuga-de-pollo-rebozada-6-filetes-sin-gluten-400-gr/29826#reviews" title="See 2 reviews on Battered Chicken Breast - 6 fillets without Gluten">2</a></div><div class="flexbox__item | text--right"><div class="dropdown | dropdown__menu--right | js-dropdown-toggle" data-json='{"followMouse": true, "target": "#product_dropdown", "noClose": true}'><a class="dropdown__toggle | nano | nauru flush--bottom | is-hidden-if-no-js js-show-customer-lists" href="/en/account/lists/" ><i class="icon icon--plus"></i> Add to list
                    </a></div></div></div></div><div class="product-item__shop product-grid__footer | islet product-item__shop--twolines"><form class="float--right" action="/en/cart/product/29826" method="post"><span class="product-grid-footer__price"><del class="product-item__price product-item__price--old product-grid-footer__price--old nano | flush--bottom">€3.79</del><strong class="product-item__price product-item__price--new product-grid-footer__price--new brand-color"><span class="delta">3</span><span class="milli">,65 €</span></strong></span><span class="product-grid-footer__buttons"><button class="btn btn--small btn--remove-circle | is-hidden | js-remove-from-cart js-logistic-product"></button><button type="submit" class="btn btn--shop btn--shop-mobile-circle js-add-to-cart | js-logistic-product " data-can-buy-classes="btn--shop btn--shop-mobile-circle" data-can-buy-text="Add" data-can-not-buy-text="More info"
                        data-has-promo="0"><span class="btn--shop__text js-btn-text">Add</span></button></span></form></div></article></div><div class="grid__item m-one-whole t-one-third d-one-third dw-one-quarter | js-product-grid-grid"><article class="js-product-item js-article |  product-item product-item--grid | js-product-container js-article js-article-37949 product-item--grid margin-trailer-1"
     id="product-37949"
     data-product-name="Chicken Croquettes with Ceps - 12 units without Gluten"
     data-product-id="37949"
     data-price="4.19"
     data-position="5"
     data-product-brand="Torrent"
     data-list-type="Campaign Listing"
     ><div class="product-item__main"><div class="in-cart-quantity | js-in-cart-quantity is-hidden"></div><strong class="product-item__offer brand-color micro ellipsis-fadeout | islet flush--bottom | m-hide">¡Oferta!</strong><div class="badge-container"></div><a class="product-item__image nauru js-pjax js-article-link" href="/en/product/croquetas-de-pollo-con-ceps-sin-gluten-12-unidades/37949" title="Buy Chicken Croquettes with Ceps - 12 units without Gluten"><img src="/img/pixel.png" data-src="https://static.ulabox.com/media/83675_m1.jpg" class="lazy" alt="Chicken Croquettes with Ceps - 12 units without Gluten" width="160"></a><div class="islet"><hgroup class="product-item__title"><h4 class="product-item__brand micro | push-half--bottom"><a href="/en/brand/torrent/3337" title="See more products from Torrent" class="js-pjax">
                        Torrent
                    </a></h4><h3 class="product-item__name zeta face-normal | flush--bottom"><a href="/en/product/croquetas-de-pollo-con-ceps-sin-gluten-12-unidades/37949" title="Buy Chicken Croquettes with Ceps - 12 units without Gluten" class="js-article-link | js-pjax">
                        Chicken Croquettes with Ceps - 12 units without …
                    </a><span class="product-item__info weak-text-color"><small class="product-item__units nano">340 gr</small><small class="product-item__ppu nano"> | €12.32 / kg.</small><a
          class="tag tag-categoria-de-fresco-basicos-ulabox  tag--small push-half--left"
          href="/en/filter/categoria-de-fresco-basicos-ulabox"
          title="categoria-de-fresco-basicos-ulabox"
        >
          Essential
        </a></span></h3></hgroup></div><div class="flexbox | soft-half--sides"><div class="flexbox__item"></div><div class="flexbox__item | text--right"><div class="dropdown | dropdown__menu--right | js-dropdown-toggle" data-json='{"followMouse": true, "target": "#product_dropdown", "noClose": true}'><a class="dropdown__toggle | nano | nauru flush--bottom | is-hidden-if-no-js js-show-customer-lists" href="/en/account/lists/" ><i class="icon icon--plus"></i> Add to list
                    </a></div></div></div></div><div class="product-item__shop product-grid__footer | islet product-item__shop--twolines"><form class="float--right" action="/en/cart/product/37949" method="post"><span class="product-grid-footer__price"><del class="product-item__price product-item__price--old product-grid-footer__price--old nano | flush--bottom">€4.39</del><strong class="product-item__price product-item__price--new product-grid-footer__price--new brand-color"><span class="delta">4</span><span class="milli">,19 €</span></strong></span><span class="product-grid-footer__buttons"><button class="btn btn--small btn--remove-circle | is-hidden | js-remove-from-cart js-logistic-product"></button><button type="submit" class="btn btn--shop btn--shop-mobile-circle js-add-to-cart | js-logistic-product " data-can-buy-classes="btn--shop btn--shop-mobile-circle" data-can-buy-text="Add" data-can-not-buy-text="More info"
                        data-has-promo="0"><span class="btn--shop__text js-btn-text">Add</span></button></span></form></div></article></div><div class="grid__item m-one-whole t-one-third d-one-third dw-one-quarter | js-product-grid-grid"><article class="js-product-item js-article |  product-item product-item--grid | js-product-container js-article js-article-37948 product-item--grid margin-trailer-1"
     id="product-37948"
     data-product-name="Chicken Croquettes with Plums - 12 units without Gluten"
     data-product-id="37948"
     data-price="4.19"
     data-position="6"
     data-product-brand="Torrent"
     data-list-type="Campaign Listing"
     ><div class="product-item__main"><div class="in-cart-quantity | js-in-cart-quantity is-hidden"></div><div class="product-item__offer"></div><div class="badge-container"></div><a class="product-item__image nauru js-pjax js-article-link" href="/en/product/croquetas-de-pollo-con-ciruelas-sin-gluten-12-unidades/37948" title="Buy Chicken Croquettes with Plums - 12 units without Gluten"><img src="/img/pixel.png" data-src="https://static.ulabox.com/media/83671_m1.jpg" class="lazy" alt="Chicken Croquettes with Plums - 12 units without Gluten" width="160"></a><div class="islet"><hgroup class="product-item__title"><h4 class="product-item__brand micro | push-half--bottom"><a href="/en/brand/torrent/3337" title="See more products from Torrent" class="js-pjax">
                        Torrent
                    </a></h4><h3 class="product-item__name zeta face-normal | flush--bottom"><a href="/en/product/croquetas-de-pollo-con-ciruelas-sin-gluten-12-unidades/37948" title="Buy Chicken Croquettes with Plums - 12 units without Gluten" class="js-article-link | js-pjax">
                        Chicken Croquettes with Plums - 12 units …
                    </a><span class="product-item__info weak-text-color"><small class="product-item__units nano">340 gr</small><small class="product-item__ppu nano"> | €12.32 / kg.</small><a
          class="tag tag-categoria-de-fresco-basicos-ulabox  tag--small push-half--left"
          href="/en/filter/categoria-de-fresco-basicos-ulabox"
          title="categoria-de-fresco-basicos-ulabox"
        >
          Essential
        </a></span></h3></hgroup></div><div class="flexbox | soft-half--sides"><div class="flexbox__item"></div><div class="flexbox__item | text--right"><div class="dropdown | dropdown__menu--right | js-dropdown-toggle" data-json='{"followMouse": true, "target": "#product_dropdown", "noClose": true}'><a class="dropdown__toggle | nano | nauru flush--bottom | is-hidden-if-no-js js-show-customer-lists" href="/en/account/lists/" ><i class="icon icon--plus"></i> Add to list
                    </a></div></div></div></div><div class="product-item__shop product-grid__footer | islet "><form class="float--right" action="/en/cart/product/37948" method="post"><span class="product-grid-footer__price"><strong class="product-item__price"><span class="delta">4</span><span class="milli">,19 €</span></strong></span><span class="product-grid-footer__buttons"><button class="btn btn--small btn--remove-circle | is-hidden | js-remove-from-cart js-logistic-product"></button><button type="submit" class="btn btn--shop btn--shop-mobile-circle js-add-to-cart | js-logistic-product " data-can-buy-classes="btn--shop btn--shop-mobile-circle" data-can-buy-text="Add" data-can-not-buy-text="More info"
                        data-has-promo="0"><span class="btn--shop__text js-btn-text">Add</span></button></span></form></div></article></div></div></div></div><form class="js-add-to-list" autocomplete="off" action="/en/account/lists/product/new" method="post"><div class="dropdown | js-dropdown" id="product_dropdown"><a class="dropdown__toggle | js-dropdown-toggle" href="" title=""></a><div class="dropdown__menu | container-lifted | dropdown__menu--medium | dropdown__menu--right | js-dropdown-menu"><div class="milli | flush--bottom"><div class="flexbox | facet-header | container-dark | border--bottom"><strong class="flexbox__item | base-line-height | milli">
        My lists
    </strong></div><div class="js-dropdown-ajax-content"><div class="islet"><!--googleoff: all--><div class="js-customer-list-container"><div class="text--center"><span class="face-bold weak-text-color islet">In order to create lists and save products you must enter your account</span><a class="push-half--ends btn btn--primary js-pjax" href="/en/enter?back=/en/campaign/productos-sin-gluten">Access your account</a></div></div><!--googleon: all--></div><div class="is-hidden js-lists-error"><div class="alert--error | micro | "><div class="media"><div class="media__body"><i class="icon icon--info"></i>
            
                        
                                                            Sorry, we could not load your lists. Try again in a moment. 
                                    </div></div></div></div></div></div></div></div></form><header class="container-white | islet | flexbox | border--bottom" id="ready-meals"><a class="flexbox__item | js-pjax" href="/en/campaign/productos-sin-gluten/cat=1396"><h2 class="brand-face | epsilon |  base-line-height | flush--bottom | text--left">Ready Meals</h2></a><a class="btn btn--tiny btn--inset | flexbox__item | float--right | js-pjax"  href="/en/campaign/productos-sin-gluten/cat=1396">
            See all&nbsp;<i class="icon icon--caret-right"></i></a></header><div id="product-list" class="js-product-list | container-light | border--bottom | clear-fix"><div class="container-light | t-island d-island dw-island"><div class="grid"><div class="grid__item m-one-whole t-one-third d-one-third dw-one-quarter | js-product-grid-grid"><article class="js-product-item js-article |  product-item product-item--grid | js-product-container js-article js-article-49676 product-item--grid margin-trailer-1"
     id="product-49676"
     data-product-name=" Salmorejo Cordobés Gluten Free Alvalle 750ml"
     data-product-id="49676"
     data-price="2.99"
     data-position="1"
     data-product-brand="Alvalle"
     data-list-type="Campaign Listing"
     ><div class="product-item__main"><div class="in-cart-quantity | js-in-cart-quantity is-hidden"></div><div class="product-item__offer"></div><div class="badge-container"></div><a class="product-item__image nauru js-pjax js-article-link" href="/en/product/salmorejo-cordobes-sin-gluten-alvalle-750ml/49676" title="Buy  Salmorejo Cordobés Gluten Free Alvalle 750ml"><img src="/img/pixel.png" data-src="https://static.ulabox.com/media/125700_m1.jpg" class="lazy" alt=" Salmorejo Cordobés Gluten Free Alvalle 750ml" width="160"></a><div class="islet"><hgroup class="product-item__title"><h4 class="product-item__brand micro | push-half--bottom"><a href="/en/brand/alvalle/2031" title="See more products from Alvalle" class="js-pjax">
                        Alvalle
                    </a></h4><h3 class="product-item__name zeta face-normal | flush--bottom"><a href="/en/product/salmorejo-cordobes-sin-gluten-alvalle-750ml/49676" title="Buy  Salmorejo Cordobés Gluten Free Alvalle 750ml" class="js-article-link | js-pjax">
                         Salmorejo Cordobés Gluten Free Alvalle 750ml
                    </a><span class="product-item__info weak-text-color"><small class="product-item__units nano">750 ml</small><small class="product-item__ppu nano"> | €3.99 / l.</small></span></h3></hgroup></div><div class="flexbox | soft-half--sides"><div class="flexbox__item"><div class="star-rating star-rating--small"><div class="current-rating current-rating--4"><i class="star-rating__star"></i></div></div></div><div class="flexbox__item | text--right"><div class="dropdown | dropdown__menu--right | js-dropdown-toggle" data-json='{"followMouse": true, "target": "#product_dropdown", "noClose": true}'><a class="dropdown__toggle | nano | nauru flush--bottom | is-hidden-if-no-js js-show-customer-lists" href="/en/account/lists/" ><i class="icon icon--plus"></i> Add to list
                    </a></div></div></div></div><div class="product-item__shop product-grid__footer | islet "><form class="float--right" action="/en/cart/product/49676" method="post"><span class="product-grid-footer__price"><strong class="product-item__price"><span class="delta">2</span><span class="milli">,99 €</span></strong></span><span class="product-grid-footer__buttons"><button class="btn btn--small btn--remove-circle | is-hidden | js-remove-from-cart js-logistic-product"></button><button type="submit" class="btn btn--shop btn--shop-mobile-circle js-add-to-cart | js-logistic-product " data-can-buy-classes="btn--shop btn--shop-mobile-circle" data-can-buy-text="Add" data-can-not-buy-text="More info"
                        data-has-promo="0"><span class="btn--shop__text js-btn-text">Add</span></button></span></form></div></article></div><div class="grid__item m-one-whole t-one-third d-one-third dw-one-quarter | js-product-grid-grid"><article class="js-product-item js-article |  product-item product-item--grid | js-product-container js-article js-article-47081 product-item--grid margin-trailer-1"
     id="product-47081"
     data-product-name="Gluten-free chicken croquettes Algood 150gr"
     data-product-id="47081"
     data-price="3.49"
     data-position="2"
     data-product-brand="Algood"
     data-list-type="Campaign Listing"
     ><div class="product-item__main"><div class="in-cart-quantity | js-in-cart-quantity is-hidden"></div><div class="product-item__offer"></div><div class="badge-container"></div><a class="product-item__image nauru js-pjax js-article-link" href="/en/product/croquetas-de-pollo-sin-gluten-algood-150gr/47081" title="Buy Gluten-free chicken croquettes Algood 150gr"><img src="/img/pixel.png" data-src="https://static.ulabox.com/media/115473_m1.jpg" class="lazy" alt="Gluten-free chicken croquettes Algood 150gr" width="160"></a><div class="islet"><hgroup class="product-item__title"><h4 class="product-item__brand micro | push-half--bottom"><a href="/en/brand/algood/4721" title="See more products from Algood" class="js-pjax">
                        Algood
                    </a></h4><h3 class="product-item__name zeta face-normal | flush--bottom"><a href="/en/product/croquetas-de-pollo-sin-gluten-algood-150gr/47081" title="Buy Gluten-free chicken croquettes Algood 150gr" class="js-article-link | js-pjax">
                        Gluten-free chicken croquettes Algood 150gr
                    </a><span class="product-item__info weak-text-color"><small class="product-item__units nano">150 gr</small><small class="product-item__ppu nano"> | €23.27 / kg.</small></span></h3></hgroup></div><div class="flexbox | soft-half--sides"><div class="flexbox__item"></div><div class="flexbox__item | text--right"><div class="dropdown | dropdown__menu--right | js-dropdown-toggle" data-json='{"followMouse": true, "target": "#product_dropdown", "noClose": true}'><a class="dropdown__toggle | nano | nauru flush--bottom | is-hidden-if-no-js js-show-customer-lists" href="/en/account/lists/" ><i class="icon icon--plus"></i> Add to list
                    </a></div></div></div></div><div class="product-item__shop product-grid__footer | islet "><form class="float--right" action="/en/cart/product/47081" method="post"><span class="product-grid-footer__price"><strong class="product-item__price"><span class="delta">3</span><span class="milli">,49 €</span></strong></span><span class="product-grid-footer__buttons"><button class="btn btn--small btn--remove-circle | is-hidden | js-remove-from-cart js-logistic-product"></button><button type="submit" class="btn btn--shop btn--shop-mobile-circle js-add-to-cart | js-logistic-product " data-can-buy-classes="btn--shop btn--shop-mobile-circle" data-can-buy-text="Add" data-can-not-buy-text="More info"
                        data-has-promo="0"><span class="btn--shop__text js-btn-text">Add</span></button></span></form></div></article></div><div class="grid__item m-one-whole t-one-third d-one-third dw-one-quarter | js-product-grid-grid"><article class="js-product-item js-article |  product-item product-item--grid | js-product-container js-article js-article-40546 product-item--grid margin-trailer-1"
     id="product-40546"
     data-product-name="Oriental Rice Noodles Classic Gluten Free Yatekomo Gallina Blanca"
     data-product-id="40546"
     data-price="1.59"
     data-position="3"
     data-product-brand="Gallina Blanca"
     data-list-type="Campaign Listing"
     ><div class="product-item__main"><div class="in-cart-quantity | js-in-cart-quantity is-hidden"></div><strong class="product-item__offer brand-color micro ellipsis-fadeout | islet flush--bottom | m-hide">¡Bajamos el precio!</strong><div class="badge-container"></div><a class="product-item__image nauru js-pjax js-article-link" href="/en/product/fideos-orientales-de-arroz-classic-sin-gluten-yatekomo-gallina-blanca/40546" title="Buy Oriental Rice Noodles Classic Gluten Free Yatekomo Gallina Blanca"><img src="/img/pixel.png" data-src="https://static.ulabox.com/media/92786_m1.jpg" class="lazy" alt="Oriental Rice Noodles Classic Gluten Free Yatekomo Gallina Blanca" width="160"></a><div class="islet"><hgroup class="product-item__title"><h4 class="product-item__brand micro | push-half--bottom"><a href="/en/brand/gallina-blanca/896" title="See more products from Gallina Blanca" class="js-pjax">
                        Gallina Blanca
                    </a></h4><h3 class="product-item__name zeta face-normal | flush--bottom"><a href="/en/product/fideos-orientales-de-arroz-classic-sin-gluten-yatekomo-gallina-blanca/40546" title="Buy Oriental Rice Noodles Classic Gluten Free Yatekomo Gallina Blanca" class="js-article-link | js-pjax">
                        Oriental Rice Noodles Classic Gluten Free …
                    </a><span class="product-item__info weak-text-color"><small class="product-item__units nano">90 gr</small><small class="product-item__ppu nano"> | €17.67 / kg.</small></span></h3></hgroup></div><div class="flexbox | soft-half--sides"><div class="flexbox__item"></div><div class="flexbox__item | text--right"><div class="dropdown | dropdown__menu--right | js-dropdown-toggle" data-json='{"followMouse": true, "target": "#product_dropdown", "noClose": true}'><a class="dropdown__toggle | nano | nauru flush--bottom | is-hidden-if-no-js js-show-customer-lists" href="/en/account/lists/" ><i class="icon icon--plus"></i> Add to list
                    </a></div></div></div></div><div class="product-item__shop product-grid__footer | islet product-item__shop--twolines"><form class="float--right" action="/en/cart/product/40546" method="post"><span class="product-grid-footer__price"><del class="product-item__price product-item__price--old product-grid-footer__price--old nano | flush--bottom">€1.69</del><strong class="product-item__price product-item__price--new product-grid-footer__price--new brand-color"><span class="delta">1</span><span class="milli">,59 €</span></strong></span><span class="product-grid-footer__buttons"><button class="btn btn--small btn--remove-circle | is-hidden | js-remove-from-cart "></button><button type="submit" class="btn btn--shop btn--shop-mobile-circle js-add-to-cart |  " data-can-buy-classes="btn--shop btn--shop-mobile-circle" data-can-buy-text="Add" data-can-not-buy-text="More info"
                        data-has-promo="0"><span class="btn--shop__text js-btn-text">Add</span></button></span></form></div></article></div><div class="grid__item m-one-whole t-one-third d-one-third dw-one-quarter | js-product-grid-grid"><article class="js-product-item js-article |  product-item product-item--grid | js-product-container js-article js-article-40545 product-item--grid margin-trailer-1"
     id="product-40545"
     data-product-name="Oriental Rice Noodles Chicken without Gluten Yatekomo Gallina Blanca"
     data-product-id="40545"
     data-price="1.66"
     data-position="4"
     data-product-brand="Gallina Blanca"
     data-list-type="Campaign Listing"
     ><div class="product-item__main"><div class="in-cart-quantity | js-in-cart-quantity is-hidden"></div><div class="product-item__offer"></div><div class="badge-container"></div><a class="product-item__image nauru js-pjax js-article-link" href="/en/product/fideos-orientales-de-arroz-pollo-sin-gluten-yatekomo-gallina-blanca/40545" title="Buy Oriental Rice Noodles Chicken without Gluten Yatekomo Gallina Blanca"><img src="/img/pixel.png" data-src="https://static.ulabox.com/media/92785_m1.jpg" class="lazy" alt="Oriental Rice Noodles Chicken without Gluten Yatekomo Gallina Blanca" width="160"></a><div class="islet"><hgroup class="product-item__title"><h4 class="product-item__brand micro | push-half--bottom"><a href="/en/brand/gallina-blanca/896" title="See more products from Gallina Blanca" class="js-pjax">
                        Gallina Blanca
                    </a></h4><h3 class="product-item__name zeta face-normal | flush--bottom"><a href="/en/product/fideos-orientales-de-arroz-pollo-sin-gluten-yatekomo-gallina-blanca/40545" title="Buy Oriental Rice Noodles Chicken without Gluten Yatekomo Gallina Blanca" class="js-article-link | js-pjax">
                        Oriental Rice Noodles Chicken without Gluten …
                    </a><span class="product-item__info weak-text-color"><small class="product-item__units nano">90 gr</small><small class="product-item__ppu nano"> | €18.44 / kg.</small></span></h3></hgroup></div><div class="flexbox | soft-half--sides"><div class="flexbox__item"></div><div class="flexbox__item | text--right"><div class="dropdown | dropdown__menu--right | js-dropdown-toggle" data-json='{"followMouse": true, "target": "#product_dropdown", "noClose": true}'><a class="dropdown__toggle | nano | nauru flush--bottom | is-hidden-if-no-js js-show-customer-lists" href="/en/account/lists/" ><i class="icon icon--plus"></i> Add to list
                    </a></div></div></div></div><div class="product-item__shop product-grid__footer | islet "><form class="float--right" action="/en/cart/product/40545" method="post"><span class="product-grid-footer__price"><strong class="product-item__price"><span class="delta">1</span><span class="milli">,66 €</span></strong></span><span class="product-grid-footer__buttons"><button class="btn btn--small btn--remove-circle | is-hidden | js-remove-from-cart "></button><button type="submit" class="btn btn--shop btn--shop-mobile-circle js-add-to-cart |  " data-can-buy-classes="btn--shop btn--shop-mobile-circle" data-can-buy-text="Add" data-can-not-buy-text="More info"
                        data-has-promo="0"><span class="btn--shop__text js-btn-text">Add</span></button></span></form></div></article></div><div class="grid__item m-one-whole t-one-third d-one-third dw-one-quarter | js-product-grid-grid"><article class="js-product-item js-article |  product-item product-item--grid | js-product-container js-article js-article-47082 product-item--grid margin-trailer-1"
     id="product-47082"
     data-product-name="Gluten-free cheese croquettes Algood 150gr"
     data-product-id="47082"
     data-price="3.25"
     data-position="5"
     data-product-brand="Algood"
     data-list-type="Campaign Listing"
     ><div class="product-item__main"><div class="in-cart-quantity | js-in-cart-quantity is-hidden"></div><div class="product-item__offer"></div><div class="badge-container"></div><a class="product-item__image nauru js-pjax js-article-link" href="/en/product/croquetas-de-queso-sin-gluten-algood-150gr/47082" title="Buy Gluten-free cheese croquettes Algood 150gr"><img src="/img/pixel.png" data-src="https://static.ulabox.com/media/115479_m1.jpg" class="lazy" alt="Gluten-free cheese croquettes Algood 150gr" width="160"></a><div class="islet"><hgroup class="product-item__title"><h4 class="product-item__brand micro | push-half--bottom"><a href="/en/brand/algood/4721" title="See more products from Algood" class="js-pjax">
                        Algood
                    </a></h4><h3 class="product-item__name zeta face-normal | flush--bottom"><a href="/en/product/croquetas-de-queso-sin-gluten-algood-150gr/47082" title="Buy Gluten-free cheese croquettes Algood 150gr" class="js-article-link | js-pjax">
                        Gluten-free cheese croquettes Algood 150gr
                    </a><span class="product-item__info weak-text-color"><small class="product-item__units nano">150 gr</small><small class="product-item__ppu nano"> | €21.67 / kg.</small></span></h3></hgroup></div><div class="flexbox | soft-half--sides"><div class="flexbox__item"></div><div class="flexbox__item | text--right"><div class="dropdown | dropdown__menu--right | js-dropdown-toggle" data-json='{"followMouse": true, "target": "#product_dropdown", "noClose": true}'><a class="dropdown__toggle | nano | nauru flush--bottom | is-hidden-if-no-js js-show-customer-lists" href="/en/account/lists/" ><i class="icon icon--plus"></i> Add to list
                    </a></div></div></div></div><div class="product-item__shop product-grid__footer | islet "><form class="float--right" action="/en/cart/product/47082" method="post"><span class="product-grid-footer__price"><strong class="product-item__price"><span class="delta">3</span><span class="milli">,25 €</span></strong></span><span class="product-grid-footer__buttons"><button class="btn btn--small btn--remove-circle | is-hidden | js-remove-from-cart js-logistic-product"></button><button type="submit" class="btn btn--shop btn--shop-mobile-circle js-add-to-cart | js-logistic-product " data-can-buy-classes="btn--shop btn--shop-mobile-circle" data-can-buy-text="Add" data-can-not-buy-text="More info"
                        data-has-promo="0"><span class="btn--shop__text js-btn-text">Add</span></button></span></form></div></article></div></div></div></div><form class="js-add-to-list" autocomplete="off" action="/en/account/lists/product/new" method="post"><div class="dropdown | js-dropdown" id="product_dropdown"><a class="dropdown__toggle | js-dropdown-toggle" href="" title=""></a><div class="dropdown__menu | container-lifted | dropdown__menu--medium | dropdown__menu--right | js-dropdown-menu"><div class="milli | flush--bottom"><div class="flexbox | facet-header | container-dark | border--bottom"><strong class="flexbox__item | base-line-height | milli">
        My lists
    </strong></div><div class="js-dropdown-ajax-content"><div class="islet"><!--googleoff: all--><div class="js-customer-list-container"><div class="text--center"><span class="face-bold weak-text-color islet">In order to create lists and save products you must enter your account</span><a class="push-half--ends btn btn--primary js-pjax" href="/en/enter?back=/en/campaign/productos-sin-gluten">Access your account</a></div></div><!--googleon: all--></div><div class="is-hidden js-lists-error"><div class="alert--error | micro | "><div class="media"><div class="media__body"><i class="icon icon--info"></i>
            
                        
                                                            Sorry, we could not load your lists. Try again in a moment. 
                                    </div></div></div></div></div></div></div></div></form><div id="product-list" class="js-product-list | container-light | border--bottom | clear-fix"><div class="container-light | t-island d-island dw-island"><div class="grid"><div class="grid__item m-one-whole t-one-third d-one-third dw-one-quarter | js-product-grid-grid"><article class="js-product-item js-article |  product-item product-item--grid | js-product-container js-article js-article-49709 product-item--grid margin-trailer-1"
     id="product-49709"
     data-product-name=" Gluten Free Shredded Cheese Nachos Hochland 150gr"
     data-product-id="49709"
     data-price="1.69"
     data-position="1"
     data-product-brand="Hochland"
     data-list-type="Campaign Listing"
     ><div class="product-item__main"><div class="in-cart-quantity | js-in-cart-quantity is-hidden"></div><strong class="product-item__offer brand-color micro ellipsis-fadeout | islet flush--bottom | m-hide">¡Bajamos el precio!</strong><div class="badge-container"></div><a class="product-item__image nauru js-pjax js-article-link" href="/en/product/queso-rallado-sin-gluten-especial-nachos-hochland-150gr/49709" title="Buy  Gluten Free Shredded Cheese Nachos Hochland 150gr"><img src="/img/pixel.png" data-src="https://static.ulabox.com/media/125746_m1.jpg" class="lazy" alt=" Gluten Free Shredded Cheese Nachos Hochland 150gr" width="160"></a><div class="islet"><hgroup class="product-item__title"><h4 class="product-item__brand micro | push-half--bottom"><a href="/en/brand/hochland/1938" title="See more products from Hochland" class="js-pjax">
                        Hochland
                    </a></h4><h3 class="product-item__name zeta face-normal | flush--bottom"><a href="/en/product/queso-rallado-sin-gluten-especial-nachos-hochland-150gr/49709" title="Buy  Gluten Free Shredded Cheese Nachos Hochland 150gr" class="js-article-link | js-pjax">
                         Gluten Free Shredded Cheese Nachos Hochland …
                    </a><span class="product-item__info weak-text-color"><small class="product-item__units nano">150 gr</small><small class="product-item__ppu nano"> | €11.27 / kg.</small></span></h3></hgroup></div><div class="flexbox | soft-half--sides"><div class="flexbox__item"></div><div class="flexbox__item | text--right"><div class="dropdown | dropdown__menu--right | js-dropdown-toggle" data-json='{"followMouse": true, "target": "#product_dropdown", "noClose": true}'><a class="dropdown__toggle | nano | nauru flush--bottom | is-hidden-if-no-js js-show-customer-lists" href="/en/account/lists/" ><i class="icon icon--plus"></i> Add to list
                    </a></div></div></div></div><div class="product-item__shop product-grid__footer | islet product-item__shop--twolines"><form class="float--right" action="/en/cart/product/49709" method="post"><span class="product-grid-footer__price"><del class="product-item__price product-item__price--old product-grid-footer__price--old nano | flush--bottom">€1.79</del><strong class="product-item__price product-item__price--new product-grid-footer__price--new brand-color"><span class="delta">1</span><span class="milli">,69 €</span></strong></span><span class="product-grid-footer__buttons"><button class="btn btn--small btn--remove-circle | is-hidden | js-remove-from-cart js-logistic-product"></button><button type="submit" class="btn btn--shop btn--shop-mobile-circle js-add-to-cart | js-logistic-product " data-can-buy-classes="btn--shop btn--shop-mobile-circle" data-can-buy-text="Add" data-can-not-buy-text="More info"
                        data-has-promo="0"><span class="btn--shop__text js-btn-text">Add</span></button></span></form></div></article></div><div class="grid__item m-one-whole t-one-third d-one-third dw-one-quarter | js-product-grid-grid"><article class="js-product-item js-article |  product-item product-item--grid | js-product-container js-article js-article-49710 product-item--grid margin-trailer-1"
     id="product-49710"
     data-product-name=" Cheese in Dice Without Lactose and Gluten Free Hochland 150gr"
     data-product-id="49710"
     data-price="1.69"
     data-position="2"
     data-product-brand="Hochland"
     data-list-type="Campaign Listing"
     ><div class="product-item__main"><div class="in-cart-quantity | js-in-cart-quantity is-hidden"></div><div class="product-item__offer"></div><div class="badge-container"></div><a class="product-item__image nauru js-pjax js-article-link" href="/en/product/queso-en-dados-sin-lactosa-y-sin-gluten-hochland-150gr/49710" title="Buy  Cheese in Dice Without Lactose and Gluten Free Hochland 150gr"><img src="/img/pixel.png" data-src="https://static.ulabox.com/media/125744_m1.jpg" class="lazy" alt=" Cheese in Dice Without Lactose and Gluten Free Hochland 150gr" width="160"></a><div class="islet"><hgroup class="product-item__title"><h4 class="product-item__brand micro | push-half--bottom"><a href="/en/brand/hochland/1938" title="See more products from Hochland" class="js-pjax">
                        Hochland
                    </a></h4><h3 class="product-item__name zeta face-normal | flush--bottom"><a href="/en/product/queso-en-dados-sin-lactosa-y-sin-gluten-hochland-150gr/49710" title="Buy  Cheese in Dice Without Lactose and Gluten Free Hochland 150gr" class="js-article-link | js-pjax">
                         Cheese in Dice Without Lactose and Gluten …
                    </a><span class="product-item__info weak-text-color"><small class="product-item__units nano">150 gr</small><small class="product-item__ppu nano"> | €11.27 / kg.</small></span></h3></hgroup></div><div class="flexbox | soft-half--sides"><div class="flexbox__item"></div><div class="flexbox__item | text--right"><div class="dropdown | dropdown__menu--right | js-dropdown-toggle" data-json='{"followMouse": true, "target": "#product_dropdown", "noClose": true}'><a class="dropdown__toggle | nano | nauru flush--bottom | is-hidden-if-no-js js-show-customer-lists" href="/en/account/lists/" ><i class="icon icon--plus"></i> Add to list
                    </a></div></div></div></div><div class="product-item__shop product-grid__footer | islet "><form class="float--right" action="/en/cart/product/49710" method="post"><span class="product-grid-footer__price"><strong class="product-item__price"><span class="delta">1</span><span class="milli">,69 €</span></strong></span><span class="product-grid-footer__buttons"><button class="btn btn--small btn--remove-circle | is-hidden | js-remove-from-cart js-logistic-product"></button><button type="submit" class="btn btn--shop btn--shop-mobile-circle js-add-to-cart | js-logistic-product " data-can-buy-classes="btn--shop btn--shop-mobile-circle" data-can-buy-text="Add" data-can-not-buy-text="More info"
                        data-has-promo="0"><span class="btn--shop__text js-btn-text">Add</span></button></span></form></div></article></div><div class="grid__item m-one-whole t-one-third d-one-third dw-one-quarter | js-product-grid-grid"><article class="js-product-item js-article |  product-item product-item--grid | js-product-container js-article js-article-42412 product-item--grid margin-trailer-1"
     id="product-42412"
     data-product-name="Fueg Iberico Argal 150gr"
     data-product-id="42412"
     data-price="2.39"
     data-position="3"
     data-product-brand="Argal"
     data-list-type="Campaign Listing"
     ><div class="product-item__main"><div class="in-cart-quantity | js-in-cart-quantity is-hidden"></div><div class="product-item__offer"></div><div class="badge-container"></div><a class="product-item__image nauru js-pjax js-article-link" href="/en/product/fuet-iberico-sin-gluten-argal-150-gr/42412" title="Buy Fueg Iberico Argal 150gr"><img src="/img/pixel.png" data-src="https://static.ulabox.com/media/98134_m1.jpg" class="lazy" alt="Fueg Iberico Argal 150gr" width="160"></a><div class="islet"><hgroup class="product-item__title"><h4 class="product-item__brand micro | push-half--bottom"><a href="/en/brand/argal/1915" title="See more products from Argal" class="js-pjax">
                        Argal
                    </a></h4><h3 class="product-item__name zeta face-normal | flush--bottom"><a href="/en/product/fuet-iberico-sin-gluten-argal-150-gr/42412" title="Buy Fueg Iberico Argal 150gr" class="js-article-link | js-pjax">
                        Fueg Iberico Argal 150gr
                    </a><span class="product-item__info weak-text-color"><small class="product-item__units nano">150 gr</small><small class="product-item__ppu nano"> | €15.93 / kg.</small></span></h3></hgroup></div><div class="flexbox | soft-half--sides"><div class="flexbox__item"></div><div class="flexbox__item | text--right"><div class="dropdown | dropdown__menu--right | js-dropdown-toggle" data-json='{"followMouse": true, "target": "#product_dropdown", "noClose": true}'><a class="dropdown__toggle | nano | nauru flush--bottom | is-hidden-if-no-js js-show-customer-lists" href="/en/account/lists/" ><i class="icon icon--plus"></i> Add to list
                    </a></div></div></div></div><div class="product-item__shop product-grid__footer | islet "><form class="float--right" action="/en/cart/product/42412" method="post"><span class="product-grid-footer__price"><strong class="product-item__price"><span class="delta">2</span><span class="milli">,39 €</span></strong></span><span class="product-grid-footer__buttons"><button class="btn btn--small btn--remove-circle | is-hidden | js-remove-from-cart js-logistic-product"></button><button type="submit" class="btn btn--shop btn--shop-mobile-circle js-add-to-cart | js-logistic-product " data-can-buy-classes="btn--shop btn--shop-mobile-circle" data-can-buy-text="Add" data-can-not-buy-text="More info"
                        data-has-promo="0"><span class="btn--shop__text js-btn-text">Add</span></button></span></form></div></article></div><div class="grid__item m-one-whole t-one-third d-one-third dw-one-quarter | js-product-grid-grid"><article class="js-product-item js-article |  product-item product-item--grid | js-product-container js-article js-article-25655 product-item--grid margin-trailer-1"
     id="product-25655"
     data-product-name="La Piara York Ham Pate -50% Mg without gluten (Pack 2 x 154gr)"
     data-product-id="25655"
     data-price="2.65"
     data-position="4"
     data-product-brand="La Piara"
     data-list-type="Campaign Listing"
     ><div class="product-item__main"><div class="in-cart-quantity | js-in-cart-quantity is-hidden"></div><div class="product-item__offer"></div><div class="badge-container"></div><a class="product-item__image nauru js-pjax js-article-link" href="/en/product/pate-de-jamon-york-la-piara-50-mg-sin-gluten-pack-2-x-154gr/25655" title="Buy La Piara York Ham Pate -50% Mg without gluten (Pack 2 x 154gr)"><img src="/img/pixel.png" data-src="https://static.ulabox.com/media/89971_m1.jpg" class="lazy" alt="La Piara York Ham Pate -50% Mg without gluten (Pack 2 x 154gr)" width="160"></a><div class="islet"><hgroup class="product-item__title"><h4 class="product-item__brand micro | push-half--bottom"><a href="/en/brand/la-piara/912" title="See more products from La Piara" class="js-pjax">
                        La Piara
                    </a></h4><h3 class="product-item__name zeta face-normal | flush--bottom"><a href="/en/product/pate-de-jamon-york-la-piara-50-mg-sin-gluten-pack-2-x-154gr/25655" title="Buy La Piara York Ham Pate -50% Mg without gluten (Pack 2 x 154gr)" class="js-article-link | js-pjax">
                        La Piara York Ham Pate -50% Mg without gluten …
                    </a><span class="product-item__info weak-text-color"><small class="product-item__units nano">154 gr</small><small class="product-item__ppu nano"> | €17.21 / kg.</small></span></h3></hgroup></div><div class="flexbox | soft-half--sides"><div class="flexbox__item"></div><div class="flexbox__item | text--right"><div class="dropdown | dropdown__menu--right | js-dropdown-toggle" data-json='{"followMouse": true, "target": "#product_dropdown", "noClose": true}'><a class="dropdown__toggle | nano | nauru flush--bottom | is-hidden-if-no-js js-show-customer-lists" href="/en/account/lists/" ><i class="icon icon--plus"></i> Add to list
                    </a></div></div></div></div><div class="product-item__shop product-grid__footer | islet "><form class="float--right" action="/en/cart/product/25655" method="post"><span class="product-grid-footer__price"><strong class="product-item__price"><span class="delta">2</span><span class="milli">,65 €</span></strong></span><span class="product-grid-footer__buttons"><button class="btn btn--small btn--remove-circle | is-hidden | js-remove-from-cart "></button><button type="submit" class="btn btn--shop btn--shop-mobile-circle js-add-to-cart |  " data-can-buy-classes="btn--shop btn--shop-mobile-circle" data-can-buy-text="Add" data-can-not-buy-text="More info"
                        data-has-promo="0"><span class="btn--shop__text js-btn-text">Add</span></button></span></form></div></article></div></div></div></div><form class="js-add-to-list" autocomplete="off" action="/en/account/lists/product/new" method="post"><div class="dropdown | js-dropdown" id="product_dropdown"><a class="dropdown__toggle | js-dropdown-toggle" href="" title=""></a><div class="dropdown__menu | container-lifted | dropdown__menu--medium | dropdown__menu--right | js-dropdown-menu"><div class="milli | flush--bottom"><div class="flexbox | facet-header | container-dark | border--bottom"><strong class="flexbox__item | base-line-height | milli">
        My lists
    </strong></div><div class="js-dropdown-ajax-content"><div class="islet"><!--googleoff: all--><div class="js-customer-list-container"><div class="text--center"><span class="face-bold weak-text-color islet">In order to create lists and save products you must enter your account</span><a class="push-half--ends btn btn--primary js-pjax" href="/en/enter?back=/en/campaign/productos-sin-gluten">Access your account</a></div></div><!--googleon: all--></div><div class="is-hidden js-lists-error"><div class="alert--error | micro | "><div class="media"><div class="media__body"><i class="icon icon--info"></i>
            
                        
                                                            Sorry, we could not load your lists. Try again in a moment. 
                                    </div></div></div></div></div></div></div></div></form><header class="container-white | islet | flexbox | border--bottom" id="frozen"><a class="flexbox__item | js-pjax" href="/en/campaign/productos-sin-gluten/cat=1947"><h2 class="brand-face | epsilon |  base-line-height | flush--bottom | text--left">Frozen</h2></a><a class="btn btn--tiny btn--inset | flexbox__item | float--right | js-pjax"  href="/en/campaign/productos-sin-gluten/cat=1947">
            See all&nbsp;<i class="icon icon--caret-right"></i></a></header><div id="product-list" class="js-product-list | container-light | border--bottom | clear-fix"><div class="container-light | t-island d-island dw-island"><div class="grid"><div class="grid__item m-one-whole t-one-third d-one-third dw-one-quarter | js-product-grid-grid"><article class="js-product-item js-article |  product-item product-item--grid | js-product-container js-article js-article-27882 product-item--grid margin-trailer-1"
     id="product-27882"
     data-product-name="Pizza Prosciutto without Gluten Buitoni"
     data-product-id="27882"
     data-price="3.92"
     data-position="1"
     data-product-brand="Buitoni"
     data-list-type="Campaign Listing"
     ><div class="product-item__main"><div class="in-cart-quantity | js-in-cart-quantity is-hidden"></div><div class="product-item__offer"></div><div class="badge-container"></div><a class="product-item__image nauru js-pjax js-article-link" href="/en/product/pizza-prosciutto-sin-gluten-buitoni/27882" title="Buy Pizza Prosciutto without Gluten Buitoni"><img src="/img/pixel.png" data-src="https://static.ulabox.com/media/102908_m1.jpg" class="lazy" alt="Pizza Prosciutto without Gluten Buitoni" width="160"></a><div class="islet"><hgroup class="product-item__title"><h4 class="product-item__brand micro | push-half--bottom"><a href="/en/brand/buitoni/1963" title="See more products from Buitoni" class="js-pjax">
                        Buitoni
                    </a></h4><h3 class="product-item__name zeta face-normal | flush--bottom"><a href="/en/product/pizza-prosciutto-sin-gluten-buitoni/27882" title="Buy Pizza Prosciutto without Gluten Buitoni" class="js-article-link | js-pjax">
                        Pizza Prosciutto without Gluten Buitoni
                    </a><span class="product-item__info weak-text-color"><small class="product-item__units nano">365 gr</small><small class="product-item__ppu nano"> | €10.74 / kg.</small></span></h3></hgroup></div><div class="flexbox | soft-half--sides"><div class="flexbox__item"><div class="star-rating star-rating--small"><div class="current-rating current-rating--5"><i class="star-rating__star"></i></div></div></div><div class="flexbox__item | text--right"><div class="dropdown | dropdown__menu--right | js-dropdown-toggle" data-json='{"followMouse": true, "target": "#product_dropdown", "noClose": true}'><a class="dropdown__toggle | nano | nauru flush--bottom | is-hidden-if-no-js js-show-customer-lists" href="/en/account/lists/" ><i class="icon icon--plus"></i> Add to list
                    </a></div></div></div></div><div class="product-item__shop product-grid__footer | islet "><form class="float--right" action="/en/cart/product/27882" method="post"><span class="product-grid-footer__price"><strong class="product-item__price"><span class="delta">3</span><span class="milli">,92 €</span></strong></span><span class="product-grid-footer__buttons"><button class="btn btn--small btn--remove-circle | is-hidden | js-remove-from-cart js-logistic-product"></button><button type="submit" class="btn btn--shop btn--shop-mobile-circle js-add-to-cart | js-logistic-product " data-can-buy-classes="btn--shop btn--shop-mobile-circle" data-can-buy-text="Add" data-can-not-buy-text="More info"
                        data-has-promo="0"><span class="btn--shop__text js-btn-text">Add</span></button></span></form></div></article></div><div class="grid__item m-one-whole t-one-third d-one-third dw-one-quarter | js-product-grid-grid"><article class="js-product-item js-article |  product-item product-item--grid | js-product-container js-article js-article-27883 product-item--grid margin-trailer-1"
     id="product-27883"
     data-product-name="Pizza 4 Formaggi without Gluten Buitoni"
     data-product-id="27883"
     data-price="3.99"
     data-position="2"
     data-product-brand="Buitoni"
     data-list-type="Campaign Listing"
     ><div class="product-item__main"><div class="in-cart-quantity | js-in-cart-quantity is-hidden"></div><div class="product-item__offer"></div><div class="badge-container"></div><a class="product-item__image nauru js-pjax js-article-link" href="/en/product/pizza-4-formaggi-sin-gluten-buitoni/27883" title="Buy Pizza 4 Formaggi without Gluten Buitoni"><img src="/img/pixel.png" data-src="https://static.ulabox.com/media/102827_m1.jpg" class="lazy" alt="Pizza 4 Formaggi without Gluten Buitoni" width="160"></a><div class="islet"><hgroup class="product-item__title"><h4 class="product-item__brand micro | push-half--bottom"><a href="/en/brand/buitoni/1963" title="See more products from Buitoni" class="js-pjax">
                        Buitoni
                    </a></h4><h3 class="product-item__name zeta face-normal | flush--bottom"><a href="/en/product/pizza-4-formaggi-sin-gluten-buitoni/27883" title="Buy Pizza 4 Formaggi without Gluten Buitoni" class="js-article-link | js-pjax">
                        Pizza 4 Formaggi without Gluten Buitoni
                    </a><span class="product-item__info weak-text-color"><small class="product-item__units nano">360 gr</small><small class="product-item__ppu nano"> | €11.08 / kg.</small></span></h3></hgroup></div><div class="flexbox | soft-half--sides"><div class="flexbox__item"></div><div class="flexbox__item | text--right"><div class="dropdown | dropdown__menu--right | js-dropdown-toggle" data-json='{"followMouse": true, "target": "#product_dropdown", "noClose": true}'><a class="dropdown__toggle | nano | nauru flush--bottom | is-hidden-if-no-js js-show-customer-lists" href="/en/account/lists/" ><i class="icon icon--plus"></i> Add to list
                    </a></div></div></div></div><div class="product-item__shop product-grid__footer | islet "><form class="float--right" action="/en/cart/product/27883" method="post"><span class="product-grid-footer__price"><strong class="product-item__price"><span class="delta">3</span><span class="milli">,99 €</span></strong></span><span class="product-grid-footer__buttons"><button class="btn btn--small btn--remove-circle | is-hidden | js-remove-from-cart js-logistic-product"></button><button type="submit" class="btn btn--shop btn--shop-mobile-circle js-add-to-cart | js-logistic-product " data-can-buy-classes="btn--shop btn--shop-mobile-circle" data-can-buy-text="Add" data-can-not-buy-text="More info"
                        data-has-promo="0"><span class="btn--shop__text js-btn-text">Add</span></button></span></form></div></article></div><div class="grid__item m-one-whole t-one-third d-one-third dw-one-quarter | js-product-grid-grid"><article class="js-product-item js-article |  product-item product-item--grid | js-product-container js-article js-article-33345 product-item--grid margin-trailer-1"
     id="product-33345"
     data-product-name="Masa Pizza without Gluten Buitoni"
     data-product-id="33345"
     data-price="3.5"
     data-position="3"
     data-product-brand="Buitoni"
     data-list-type="Campaign Listing"
     ><div class="product-item__main"><div class="in-cart-quantity | js-in-cart-quantity is-hidden"></div><div class="product-item__offer"></div><div class="badge-container"></div><a class="product-item__image nauru js-pjax js-article-link" href="/en/product/masa-pizza-sin-gluten-buitoni/33345" title="Buy Masa Pizza without Gluten Buitoni"><img src="/img/pixel.png" data-src="https://static.ulabox.com/media/70819_m1.jpg" class="lazy" alt="Masa Pizza without Gluten Buitoni" width="160"></a><div class="islet"><hgroup class="product-item__title"><h4 class="product-item__brand micro | push-half--bottom"><a href="/en/brand/buitoni/1963" title="See more products from Buitoni" class="js-pjax">
                        Buitoni
                    </a></h4><h3 class="product-item__name zeta face-normal | flush--bottom"><a href="/en/product/masa-pizza-sin-gluten-buitoni/33345" title="Buy Masa Pizza without Gluten Buitoni" class="js-article-link | js-pjax">
                        Masa Pizza without Gluten Buitoni
                    </a><span class="product-item__info weak-text-color"><small class="product-item__units nano">260 gr</small><small class="product-item__ppu nano"> | €13.46 / kg.</small></span></h3></hgroup></div><div class="flexbox | soft-half--sides"><div class="flexbox__item"><div class="star-rating star-rating--small"><div class="current-rating current-rating--5"><i class="star-rating__star"></i></div></div></div><div class="flexbox__item | text--right"><div class="dropdown | dropdown__menu--right | js-dropdown-toggle" data-json='{"followMouse": true, "target": "#product_dropdown", "noClose": true}'><a class="dropdown__toggle | nano | nauru flush--bottom | is-hidden-if-no-js js-show-customer-lists" href="/en/account/lists/" ><i class="icon icon--plus"></i> Add to list
                    </a></div></div></div></div><div class="product-item__shop product-grid__footer | islet "><form class="float--right" action="/en/cart/product/33345" method="post"><span class="product-grid-footer__price"><strong class="product-item__price"><span class="delta">3</span><span class="milli">,50 €</span></strong></span><span class="product-grid-footer__buttons"><button class="btn btn--small btn--remove-circle | is-hidden | js-remove-from-cart js-logistic-product"></button><button type="submit" class="btn btn--shop btn--shop-mobile-circle js-add-to-cart | js-logistic-product " data-can-buy-classes="btn--shop btn--shop-mobile-circle" data-can-buy-text="Add" data-can-not-buy-text="More info"
                        data-has-promo="0"><span class="btn--shop__text js-btn-text">Add</span></button></span></form></div></article></div><div class="grid__item m-one-whole t-one-third d-one-third dw-one-quarter | js-product-grid-grid"><article class="js-product-item js-article |  product-item product-item--grid | js-product-container js-article js-article-27168 product-item--grid margin-trailer-1"
     id="product-27168"
     data-product-name="Chicken Fingers without Gluten Maheso"
     data-product-id="27168"
     data-price="3.35"
     data-position="4"
     data-product-brand="Maheso"
     data-list-type="Campaign Listing"
     ><div class="product-item__main"><div class="in-cart-quantity | js-in-cart-quantity is-hidden"></div><a href="/marca/Maheso/3225/tags=oferta?ula_src=front_campaign_show&amp;ula_mdm=promo_text"><strong class="product-item__offer brand-color micro ellipsis-fadeout | islet flush--bottom | m-hide">Puedes combinar productos &gt;&gt; Ver</strong></a><div class="badge-container"><a href="/marca/Maheso/3225/tags=oferta?ula_src=front_campaign_show&amp;ula_mdm=badge" title="Puedes combinar productos &gt;&gt; Ver"><div class="badge badge--small badge--default"><div class="badge__text"><span>Gift</span></div></div></a><a href="/marca/Maheso/3225/tags=oferta?ula_src=front_campaign_show&amp;ula_mdm=badge" title="Puedes combinar productos &gt;&gt; Ver"><div class="badge badge--small badge--default"><div class="badge__text badge__text--long"><span>2 ª <br> -50%</span></div></div></a></div><a class="product-item__image nauru js-pjax js-article-link" href="/en/product/fingers-de-pollo-sin-gluten-maheso/27168" title="Buy Chicken Fingers without Gluten Maheso"><img src="/img/pixel.png" data-src="https://static.ulabox.com/media/120476_m1.jpg" class="lazy" alt="Chicken Fingers without Gluten Maheso" width="160"></a><div class="islet"><hgroup class="product-item__title"><h4 class="product-item__brand micro | push-half--bottom"><a href="/en/brand/maheso/3225" title="See more products from Maheso" class="js-pjax">
                        Maheso
                    </a></h4><h3 class="product-item__name zeta face-normal | flush--bottom"><a href="/en/product/fingers-de-pollo-sin-gluten-maheso/27168" title="Buy Chicken Fingers without Gluten Maheso" class="js-article-link | js-pjax">
                        Chicken Fingers without Gluten Maheso
                    </a><span class="product-item__info weak-text-color"><small class="product-item__units nano">300 gr</small><small class="product-item__ppu nano"> | €11.17 / kg.</small></span></h3></hgroup></div><div class="flexbox | soft-half--sides"><div class="flexbox__item"></div><div class="flexbox__item | text--right"><div class="dropdown | dropdown__menu--right | js-dropdown-toggle" data-json='{"followMouse": true, "target": "#product_dropdown", "noClose": true}'><a class="dropdown__toggle | nano | nauru flush--bottom | is-hidden-if-no-js js-show-customer-lists" href="/en/account/lists/" ><i class="icon icon--plus"></i> Add to list
                    </a></div></div></div></div><div class="product-item__shop product-grid__footer | islet "><form class="float--right" action="/en/cart/product/27168" method="post"><span class="product-grid-footer__price"><strong class="product-item__price"><span class="delta">3</span><span class="milli">,35 €</span></strong></span><span class="product-grid-footer__buttons"><button class="btn btn--small btn--remove-circle | is-hidden | js-remove-from-cart js-logistic-product"></button><button type="submit" class="btn btn--shop btn--shop-mobile-circle js-add-to-cart | js-logistic-product " data-can-buy-classes="btn--shop btn--shop-mobile-circle" data-can-buy-text="Add" data-can-not-buy-text="More info"
                        data-has-promo="1 - Puedes combinar productos &gt;&gt; Ver"><span class="btn--shop__text js-btn-text">Add</span></button></span></form></div></article></div><div class="grid__item m-one-whole t-one-third d-one-third dw-one-quarter | js-product-grid-grid"><article class="js-product-item js-article |  product-item product-item--grid | js-product-container js-article js-article-34520 product-item--grid margin-trailer-1"
     id="product-34520"
     data-product-name="Proscuito gluten-free restaurant"
     data-product-id="34520"
     data-price="3.99"
     data-position="5"
     data-product-brand="Dr. Oetker"
     data-list-type="Campaign Listing"
     ><div class="product-item__main"><div class="in-cart-quantity | js-in-cart-quantity is-hidden"></div><div class="product-item__offer"></div><div class="badge-container"></div><a class="product-item__image nauru js-pjax js-article-link" href="/en/product/ristorante-sin-gluten-proscuito/34520" title="Buy Proscuito gluten-free restaurant"><img src="/img/pixel.png" data-src="https://static.ulabox.com/media/74497_m1.jpg" class="lazy" alt="Proscuito gluten-free restaurant" width="160"></a><div class="islet"><hgroup class="product-item__title"><h4 class="product-item__brand micro | push-half--bottom"><a href="/en/brand/dr-oetker/1282" title="See more products from Dr. Oetker" class="js-pjax">
                        Dr. Oetker
                    </a></h4><h3 class="product-item__name zeta face-normal | flush--bottom"><a href="/en/product/ristorante-sin-gluten-proscuito/34520" title="Buy Proscuito gluten-free restaurant" class="js-article-link | js-pjax">
                        Proscuito gluten-free restaurant
                    </a><span class="product-item__info weak-text-color"><small class="product-item__units nano">345 gr</small><small class="product-item__ppu nano"> | €11.57 / kg.</small></span></h3></hgroup></div><div class="flexbox | soft-half--sides"><div class="flexbox__item"></div><div class="flexbox__item | text--right"><div class="dropdown | dropdown__menu--right | js-dropdown-toggle" data-json='{"followMouse": true, "target": "#product_dropdown", "noClose": true}'><a class="dropdown__toggle | nano | nauru flush--bottom | is-hidden-if-no-js js-show-customer-lists" href="/en/account/lists/" ><i class="icon icon--plus"></i> Add to list
                    </a></div></div></div></div><div class="product-item__shop product-grid__footer | islet "><form class="float--right" action="/en/cart/product/34520" method="post"><span class="product-grid-footer__price"><strong class="product-item__price"><span class="delta">3</span><span class="milli">,99 €</span></strong></span><span class="product-grid-footer__buttons"><button class="btn btn--small btn--remove-circle | is-hidden | js-remove-from-cart js-logistic-product"></button><button type="submit" class="btn btn--shop btn--shop-mobile-circle js-add-to-cart | js-logistic-product " data-can-buy-classes="btn--shop btn--shop-mobile-circle" data-can-buy-text="Add" data-can-not-buy-text="More info"
                        data-has-promo="0"><span class="btn--shop__text js-btn-text">Add</span></button></span></form></div></article></div><div class="grid__item m-one-whole t-one-third d-one-third dw-one-quarter | js-product-grid-grid"><article class="js-product-item js-article |  product-item product-item--grid | js-product-container js-article js-article-34521 product-item--grid margin-trailer-1"
     id="product-34521"
     data-product-name="Ristorante without Gluten Mozzarella"
     data-product-id="34521"
     data-price="4.15"
     data-position="6"
     data-product-brand="Dr. Oetker"
     data-list-type="Campaign Listing"
     ><div class="product-item__main"><div class="in-cart-quantity | js-in-cart-quantity is-hidden"></div><div class="product-item__offer"></div><div class="badge-container"></div><a class="product-item__image nauru js-pjax js-article-link" href="/en/product/ristorante-sin-gluten-mozzarella/34521" title="Buy Ristorante without Gluten Mozzarella"><img src="/img/pixel.png" data-src="https://static.ulabox.com/media/74498_m1.jpg" class="lazy" alt="Ristorante without Gluten Mozzarella" width="160"></a><div class="islet"><hgroup class="product-item__title"><h4 class="product-item__brand micro | push-half--bottom"><a href="/en/brand/dr-oetker/1282" title="See more products from Dr. Oetker" class="js-pjax">
                        Dr. Oetker
                    </a></h4><h3 class="product-item__name zeta face-normal | flush--bottom"><a href="/en/product/ristorante-sin-gluten-mozzarella/34521" title="Buy Ristorante without Gluten Mozzarella" class="js-article-link | js-pjax">
                        Ristorante without Gluten Mozzarella
                    </a><span class="product-item__info weak-text-color"><small class="product-item__units nano">370 gr</small><small class="product-item__ppu nano"> | €11.22 / kg.</small></span></h3></hgroup></div><div class="flexbox | soft-half--sides"><div class="flexbox__item"></div><div class="flexbox__item | text--right"><div class="dropdown | dropdown__menu--right | js-dropdown-toggle" data-json='{"followMouse": true, "target": "#product_dropdown", "noClose": true}'><a class="dropdown__toggle | nano | nauru flush--bottom | is-hidden-if-no-js js-show-customer-lists" href="/en/account/lists/" ><i class="icon icon--plus"></i> Add to list
                    </a></div></div></div></div><div class="product-item__shop product-grid__footer | islet "><form class="float--right" action="/en/cart/product/34521" method="post"><span class="product-grid-footer__price"><strong class="product-item__price"><span class="delta">4</span><span class="milli">,15 €</span></strong></span><span class="product-grid-footer__buttons"><button class="btn btn--small btn--remove-circle | is-hidden | js-remove-from-cart js-logistic-product"></button><button type="submit" class="btn btn--shop btn--shop-mobile-circle js-add-to-cart | js-logistic-product " data-can-buy-classes="btn--shop btn--shop-mobile-circle" data-can-buy-text="Add" data-can-not-buy-text="More info"
                        data-has-promo="0"><span class="btn--shop__text js-btn-text">Add</span></button></span></form></div></article></div><div class="grid__item m-one-whole t-one-third d-one-third dw-one-quarter | js-product-grid-grid"><article class="js-product-item js-article |  product-item product-item--grid | js-product-container js-article js-article-33786 product-item--grid margin-trailer-1"
     id="product-33786"
     data-product-name="Mini Pizza Margarita Bontà d&#039;Italia without Gluten Schär"
     data-product-id="33786"
     data-price="7.09"
     data-position="7"
     data-product-brand="Schär"
     data-list-type="Campaign Listing"
     ><div class="product-item__main"><div class="in-cart-quantity | js-in-cart-quantity is-hidden"></div><div class="product-item__offer"></div><div class="badge-container"></div><a class="product-item__image nauru js-pjax js-article-link" href="/en/product/mini-pizza-margarita-bonta-ditalia-sin-gluten-schaer/33786" title="Buy Mini Pizza Margarita Bontà d&#039;Italia without Gluten Schär"><img src="/img/pixel.png" data-src="https://static.ulabox.com/media/65579_m1.jpg" class="lazy" alt="Mini Pizza Margarita Bontà d&#039;Italia without Gluten Schär" width="160"></a><div class="islet"><hgroup class="product-item__title"><h4 class="product-item__brand micro | push-half--bottom"><a href="/en/brand/schaer/1742" title="See more products from Schär" class="js-pjax">
                        Schär
                    </a></h4><h3 class="product-item__name zeta face-normal | flush--bottom"><a href="/en/product/mini-pizza-margarita-bonta-ditalia-sin-gluten-schaer/33786" title="Buy Mini Pizza Margarita Bontà d&#039;Italia without Gluten Schär" class="js-article-link | js-pjax">
                        Mini Pizza Margarita Bontà d&#039;Italia without …
                    </a><span class="product-item__info weak-text-color"><small class="product-item__units nano">320 gr</small><small class="product-item__ppu nano"> | €22.16 / kg.</small></span></h3></hgroup></div><div class="flexbox | soft-half--sides"><div class="flexbox__item"></div><div class="flexbox__item | text--right"><div class="dropdown | dropdown__menu--right | js-dropdown-toggle" data-json='{"followMouse": true, "target": "#product_dropdown", "noClose": true}'><a class="dropdown__toggle | nano | nauru flush--bottom | is-hidden-if-no-js js-show-customer-lists" href="/en/account/lists/" ><i class="icon icon--plus"></i> Add to list
                    </a></div></div></div></div><div class="product-item__shop product-grid__footer | islet "><form class="float--right" action="/en/cart/product/33786" method="post"><span class="product-grid-footer__price"><strong class="product-item__price"><span class="delta">7</span><span class="milli">,09 €</span></strong></span><span class="product-grid-footer__buttons"><button class="btn btn--small btn--remove-circle | is-hidden | js-remove-from-cart js-logistic-product"></button><button type="submit" class="btn btn--shop btn--shop-mobile-circle js-add-to-cart | js-logistic-product " data-can-buy-classes="btn--shop btn--shop-mobile-circle" data-can-buy-text="Add" data-can-not-buy-text="More info"
                        data-has-promo="0"><span class="btn--shop__text js-btn-text">Add</span></button></span></form></div></article></div><div class="grid__item m-one-whole t-one-third d-one-third dw-one-quarter | js-product-grid-grid"><article class="js-product-item js-article |  product-item product-item--grid | js-product-container js-article js-article-30281 product-item--grid margin-trailer-1"
     id="product-30281"
     data-product-name="Croissant a la Française without Gluten Schär"
     data-product-id="30281"
     data-price="4.65"
     data-position="8"
     data-product-brand="Schär"
     data-list-type="Campaign Listing"
     ><div class="product-item__main"><div class="in-cart-quantity | js-in-cart-quantity is-hidden"></div><div class="product-item__offer"></div><div class="badge-container"></div><a class="product-item__image nauru js-pjax js-article-link" href="/en/product/croissant-a-la-francaise-sin-gluten-schaer/30281" title="Buy Croissant a la Française without Gluten Schär"><img src="/img/pixel.png" data-src="https://static.ulabox.com/media/65571_m1.jpg" class="lazy" alt="Croissant a la Française without Gluten Schär" width="160"></a><div class="islet"><hgroup class="product-item__title"><h4 class="product-item__brand micro | push-half--bottom"><a href="/en/brand/schaer/1742" title="See more products from Schär" class="js-pjax">
                        Schär
                    </a></h4><h3 class="product-item__name zeta face-normal | flush--bottom"><a href="/en/product/croissant-a-la-francaise-sin-gluten-schaer/30281" title="Buy Croissant a la Française without Gluten Schär" class="js-article-link | js-pjax">
                        Croissant a la Française without Gluten Schär
                    </a><span class="product-item__info weak-text-color"><small class="product-item__units nano">220 gr</small><small class="product-item__ppu nano"> | €21.14 / kg.</small></span></h3></hgroup></div><div class="flexbox | soft-half--sides"><div class="flexbox__item"></div><div class="flexbox__item | text--right"><div class="dropdown | dropdown__menu--right | js-dropdown-toggle" data-json='{"followMouse": true, "target": "#product_dropdown", "noClose": true}'><a class="dropdown__toggle | nano | nauru flush--bottom | is-hidden-if-no-js js-show-customer-lists" href="/en/account/lists/" ><i class="icon icon--plus"></i> Add to list
                    </a></div></div></div></div><div class="product-item__shop product-grid__footer | islet "><form class="float--right" action="/en/cart/product/30281" method="post"><span class="product-grid-footer__price"><strong class="product-item__price"><span class="delta">4</span><span class="milli">,65 €</span></strong></span><span class="product-grid-footer__buttons"><button class="btn btn--small btn--remove-circle | is-hidden | js-remove-from-cart js-logistic-product"></button><button type="submit" class="btn btn--shop btn--shop-mobile-circle js-add-to-cart | js-logistic-product " data-can-buy-classes="btn--shop btn--shop-mobile-circle" data-can-buy-text="Add" data-can-not-buy-text="More info"
                        data-has-promo="0"><span class="btn--shop__text js-btn-text">Add</span></button></span></form></div></article></div><div class="grid__item m-one-whole t-one-third d-one-third dw-one-quarter | js-product-grid-grid"><article class="js-product-item js-article |  product-item product-item--grid | js-product-container js-article js-article-30277 product-item--grid margin-trailer-1"
     id="product-30277"
     data-product-name="Millefoglie without Gluten Schär"
     data-product-id="30277"
     data-price="4"
     data-position="9"
     data-product-brand="Schär"
     data-list-type="Campaign Listing"
     ><div class="product-item__main"><div class="in-cart-quantity | js-in-cart-quantity is-hidden"></div><div class="product-item__offer"></div><div class="badge-container"></div><a class="product-item__image nauru js-pjax js-article-link" href="/en/product/millefoglie-sin-gluten-schaer/30277" title="Buy Millefoglie without Gluten Schär"><img src="/img/pixel.png" data-src="https://static.ulabox.com/media/65578_m1.jpg" class="lazy" alt="Millefoglie without Gluten Schär" width="160"></a><div class="islet"><hgroup class="product-item__title"><h4 class="product-item__brand micro | push-half--bottom"><a href="/en/brand/schaer/1742" title="See more products from Schär" class="js-pjax">
                        Schär
                    </a></h4><h3 class="product-item__name zeta face-normal | flush--bottom"><a href="/en/product/millefoglie-sin-gluten-schaer/30277" title="Buy Millefoglie without Gluten Schär" class="js-article-link | js-pjax">
                        Millefoglie without Gluten Schär
                    </a><span class="product-item__info weak-text-color"><small class="product-item__units nano">250 gr</small><small class="product-item__ppu nano"> | €16.00 / kg.</small></span></h3></hgroup></div><div class="flexbox | soft-half--sides"><div class="flexbox__item"><div class="star-rating star-rating--small"><div class="current-rating current-rating--5"><i class="star-rating__star"></i></div></div><a class="review-count-bubble review-count-bubble--compact | pico | flush--bottom push-half--left" href="/en/product/millefoglie-sin-gluten-schaer/30277#reviews" title="See review on Millefoglie without Gluten Schär">1</a></div><div class="flexbox__item | text--right"><div class="dropdown | dropdown__menu--right | js-dropdown-toggle" data-json='{"followMouse": true, "target": "#product_dropdown", "noClose": true}'><a class="dropdown__toggle | nano | nauru flush--bottom | is-hidden-if-no-js js-show-customer-lists" href="/en/account/lists/" ><i class="icon icon--plus"></i> Add to list
                    </a></div></div></div></div><div class="product-item__shop product-grid__footer | islet "><form class="float--right" action="/en/cart/product/30277" method="post"><span class="product-grid-footer__price"><strong class="product-item__price"><span class="delta">4</span><span class="milli">,00 €</span></strong></span><span class="product-grid-footer__buttons"><button class="btn btn--small btn--remove-circle | is-hidden | js-remove-from-cart js-logistic-product"></button><button type="submit" class="btn btn--shop btn--shop-mobile-circle js-add-to-cart | js-logistic-product " data-can-buy-classes="btn--shop btn--shop-mobile-circle" data-can-buy-text="Add" data-can-not-buy-text="More info"
                        data-has-promo="0"><span class="btn--shop__text js-btn-text">Add</span></button></span></form></div></article></div><div class="grid__item m-one-whole t-one-third d-one-third dw-one-quarter | js-product-grid-grid"><article class="js-product-item js-article |  product-item product-item--grid | js-product-container js-article js-article-30275 product-item--grid margin-trailer-1"
     id="product-30275"
     data-product-name="Chicken Fingers without Gluten Schär"
     data-product-id="30275"
     data-price="5.4"
     data-position="10"
     data-product-brand="Schär"
     data-list-type="Campaign Listing"
     ><div class="product-item__main"><div class="in-cart-quantity | js-in-cart-quantity is-hidden"></div><div class="product-item__offer"></div><div class="badge-container"></div><a class="product-item__image nauru js-pjax js-article-link" href="/en/product/chicken-fingers-sin-gluten-schaer/30275" title="Buy Chicken Fingers without Gluten Schär"><img src="/img/pixel.png" data-src="https://static.ulabox.com/media/65574_m1.jpg" class="lazy" alt="Chicken Fingers without Gluten Schär" width="160"></a><div class="islet"><hgroup class="product-item__title"><h4 class="product-item__brand micro | push-half--bottom"><a href="/en/brand/schaer/1742" title="See more products from Schär" class="js-pjax">
                        Schär
                    </a></h4><h3 class="product-item__name zeta face-normal | flush--bottom"><a href="/en/product/chicken-fingers-sin-gluten-schaer/30275" title="Buy Chicken Fingers without Gluten Schär" class="js-article-link | js-pjax">
                        Chicken Fingers without Gluten Schär
                    </a><span class="product-item__info weak-text-color"><small class="product-item__units nano">375 gr</small><small class="product-item__ppu nano"> | €14.40 / kg.</small></span></h3></hgroup></div><div class="flexbox | soft-half--sides"><div class="flexbox__item"></div><div class="flexbox__item | text--right"><div class="dropdown | dropdown__menu--right | js-dropdown-toggle" data-json='{"followMouse": true, "target": "#product_dropdown", "noClose": true}'><a class="dropdown__toggle | nano | nauru flush--bottom | is-hidden-if-no-js js-show-customer-lists" href="/en/account/lists/" ><i class="icon icon--plus"></i> Add to list
                    </a></div></div></div></div><div class="product-item__shop product-grid__footer | islet "><form class="float--right" action="/en/cart/product/30275" method="post"><span class="product-grid-footer__price"><strong class="product-item__price"><span class="delta">5</span><span class="milli">,40 €</span></strong></span><span class="product-grid-footer__buttons"><button class="btn btn--small btn--remove-circle | is-hidden | js-remove-from-cart js-logistic-product"></button><button type="submit" class="btn btn--shop btn--shop-mobile-circle js-add-to-cart | js-logistic-product " data-can-buy-classes="btn--shop btn--shop-mobile-circle" data-can-buy-text="Add" data-can-not-buy-text="More info"
                        data-has-promo="0"><span class="btn--shop__text js-btn-text">Add</span></button></span></form></div></article></div><div class="grid__item m-one-whole t-one-third d-one-third dw-one-quarter | js-product-grid-grid"><article class="js-product-item js-article |  product-item product-item--grid | js-product-container js-article js-article-30274 product-item--grid margin-trailer-1"
     id="product-30274"
     data-product-name="Cannelloni Bontà d&#039;Italia without Gluten Schär"
     data-product-id="30274"
     data-price="3.66"
     data-position="11"
     data-product-brand="Schär"
     data-list-type="Campaign Listing"
     ><div class="product-item__main"><div class="in-cart-quantity | js-in-cart-quantity is-hidden"></div><div class="product-item__offer"></div><div class="badge-container"></div><a class="product-item__image nauru js-pjax js-article-link" href="/en/product/cannelloni-bonta-ditalia-sin-gluten-schaer/30274" title="Buy Cannelloni Bontà d&#039;Italia without Gluten Schär"><img src="/img/pixel.png" data-src="https://static.ulabox.com/media/65569_m1.jpg" class="lazy" alt="Cannelloni Bontà d&#039;Italia without Gluten Schär" width="160"></a><div class="islet"><hgroup class="product-item__title"><h4 class="product-item__brand micro | push-half--bottom"><a href="/en/brand/schaer/1742" title="See more products from Schär" class="js-pjax">
                        Schär
                    </a></h4><h3 class="product-item__name zeta face-normal | flush--bottom"><a href="/en/product/cannelloni-bonta-ditalia-sin-gluten-schaer/30274" title="Buy Cannelloni Bontà d&#039;Italia without Gluten Schär" class="js-article-link | js-pjax">
                        Cannelloni Bontà d&#039;Italia without Gluten …
                    </a><span class="product-item__info weak-text-color"><small class="product-item__units nano">300 gr</small><small class="product-item__ppu nano"> | €12.20 / kg.</small></span></h3></hgroup></div><div class="flexbox | soft-half--sides"><div class="flexbox__item"></div><div class="flexbox__item | text--right"><div class="dropdown | dropdown__menu--right | js-dropdown-toggle" data-json='{"followMouse": true, "target": "#product_dropdown", "noClose": true}'><a class="dropdown__toggle | nano | nauru flush--bottom | is-hidden-if-no-js js-show-customer-lists" href="/en/account/lists/" ><i class="icon icon--plus"></i> Add to list
                    </a></div></div></div></div><div class="product-item__shop product-grid__footer | islet "><form class="float--right" action="/en/cart/product/30274" method="post"><span class="product-grid-footer__price"><strong class="product-item__price"><span class="delta">3</span><span class="milli">,66 €</span></strong></span><span class="product-grid-footer__buttons"><button class="btn btn--small btn--remove-circle | is-hidden | js-remove-from-cart js-logistic-product"></button><button type="submit" class="btn btn--shop btn--shop-mobile-circle js-add-to-cart | js-logistic-product " data-can-buy-classes="btn--shop btn--shop-mobile-circle" data-can-buy-text="Add" data-can-not-buy-text="More info"
                        data-has-promo="0"><span class="btn--shop__text js-btn-text">Add</span></button></span></form></div></article></div><div class="grid__item m-one-whole t-one-third d-one-third dw-one-quarter | js-product-grid-grid"><article class="js-product-item js-article |  product-item product-item--grid | js-product-container js-article js-article-30273 product-item--grid margin-trailer-1"
     id="product-30273"
     data-product-name="Caserecce with Pesto Bontà d&#039;Italia without Gluten Schär"
     data-product-id="30273"
     data-price="4.25"
     data-position="12"
     data-product-brand="Schär"
     data-list-type="Campaign Listing"
     ><div class="product-item__main"><div class="in-cart-quantity | js-in-cart-quantity is-hidden"></div><div class="product-item__offer"></div><div class="badge-container"></div><a class="product-item__image nauru js-pjax js-article-link" href="/en/product/caserecce-al-pesto-bonta-ditalia-sin-gluten-schaer/30273" title="Buy Caserecce with Pesto Bontà d&#039;Italia without Gluten Schär"><img src="/img/pixel.png" data-src="https://static.ulabox.com/media/65581_m1.jpg" class="lazy" alt="Caserecce with Pesto Bontà d&#039;Italia without Gluten Schär" width="160"></a><div class="islet"><hgroup class="product-item__title"><h4 class="product-item__brand micro | push-half--bottom"><a href="/en/brand/schaer/1742" title="See more products from Schär" class="js-pjax">
                        Schär
                    </a></h4><h3 class="product-item__name zeta face-normal | flush--bottom"><a href="/en/product/caserecce-al-pesto-bonta-ditalia-sin-gluten-schaer/30273" title="Buy Caserecce with Pesto Bontà d&#039;Italia without Gluten Schär" class="js-article-link | js-pjax">
                        Caserecce with Pesto Bontà d&#039;Italia without …
                    </a><span class="product-item__info weak-text-color"><small class="product-item__units nano">300 gr</small><small class="product-item__ppu nano"> | €14.17 / kg.</small></span></h3></hgroup></div><div class="flexbox | soft-half--sides"><div class="flexbox__item"></div><div class="flexbox__item | text--right"><div class="dropdown | dropdown__menu--right | js-dropdown-toggle" data-json='{"followMouse": true, "target": "#product_dropdown", "noClose": true}'><a class="dropdown__toggle | nano | nauru flush--bottom | is-hidden-if-no-js js-show-customer-lists" href="/en/account/lists/" ><i class="icon icon--plus"></i> Add to list
                    </a></div></div></div></div><div class="product-item__shop product-grid__footer | islet "><form class="float--right" action="/en/cart/product/30273" method="post"><span class="product-grid-footer__price"><strong class="product-item__price"><span class="delta">4</span><span class="milli">,25 €</span></strong></span><span class="product-grid-footer__buttons"><button class="btn btn--small btn--remove-circle | is-hidden | js-remove-from-cart js-logistic-product"></button><button type="submit" class="btn btn--shop btn--shop-mobile-circle js-add-to-cart | js-logistic-product " data-can-buy-classes="btn--shop btn--shop-mobile-circle" data-can-buy-text="Add" data-can-not-buy-text="More info"
                        data-has-promo="0"><span class="btn--shop__text js-btn-text">Add</span></button></span></form></div></article></div><div class="grid__item m-one-whole t-one-third d-one-third dw-one-quarter | js-product-grid-grid"><article class="js-product-item js-article |  product-item product-item--grid | js-product-container js-article js-article-30267 product-item--grid margin-trailer-1"
     id="product-30267"
     data-product-name="Panzerottini Mozzarella &amp; Pomodoro without Gluten Bontà d&#039;Italia Schär"
     data-product-id="30267"
     data-price="4.19"
     data-position="13"
     data-product-brand="Schär"
     data-list-type="Campaign Listing"
     ><div class="product-item__main"><div class="in-cart-quantity | js-in-cart-quantity is-hidden"></div><div class="product-item__offer"></div><div class="badge-container"></div><a class="product-item__image nauru js-pjax js-article-link" href="/en/product/panzerottini-mozzarella-pomodoro-sin-gluten-bonta-ditalia-schaer/30267" title="Buy Panzerottini Mozzarella &amp; Pomodoro without Gluten Bontà d&#039;Italia Schär"><img src="/img/pixel.png" data-src="https://static.ulabox.com/media/65563_m1.jpg" class="lazy" alt="Panzerottini Mozzarella &amp; Pomodoro without Gluten Bontà d&#039;Italia Schär" width="160"></a><div class="islet"><hgroup class="product-item__title"><h4 class="product-item__brand micro | push-half--bottom"><a href="/en/brand/schaer/1742" title="See more products from Schär" class="js-pjax">
                        Schär
                    </a></h4><h3 class="product-item__name zeta face-normal | flush--bottom"><a href="/en/product/panzerottini-mozzarella-pomodoro-sin-gluten-bonta-ditalia-schaer/30267" title="Buy Panzerottini Mozzarella &amp; Pomodoro without Gluten Bontà d&#039;Italia Schär" class="js-article-link | js-pjax">
                        Panzerottini Mozzarella &amp; Pomodoro without …
                    </a><span class="product-item__info weak-text-color"><small class="product-item__units nano">210 gr</small><small class="product-item__ppu nano"> | €19.95 / kg.</small></span></h3></hgroup></div><div class="flexbox | soft-half--sides"><div class="flexbox__item"></div><div class="flexbox__item | text--right"><div class="dropdown | dropdown__menu--right | js-dropdown-toggle" data-json='{"followMouse": true, "target": "#product_dropdown", "noClose": true}'><a class="dropdown__toggle | nano | nauru flush--bottom | is-hidden-if-no-js js-show-customer-lists" href="/en/account/lists/" ><i class="icon icon--plus"></i> Add to list
                    </a></div></div></div></div><div class="product-item__shop product-grid__footer | islet "><form class="float--right" action="/en/cart/product/30267" method="post"><span class="product-grid-footer__price"><strong class="product-item__price"><span class="delta">4</span><span class="milli">,19 €</span></strong></span><span class="product-grid-footer__buttons"><button class="btn btn--small btn--remove-circle | is-hidden | js-remove-from-cart js-logistic-product"></button><button type="submit" class="btn btn--shop btn--shop-mobile-circle js-add-to-cart | js-logistic-product " data-can-buy-classes="btn--shop btn--shop-mobile-circle" data-can-buy-text="Add" data-can-not-buy-text="More info"
                        data-has-promo="0"><span class="btn--shop__text js-btn-text">Add</span></button></span></form></div></article></div><div class="grid__item m-one-whole t-one-third d-one-third dw-one-quarter | js-product-grid-grid"><article class="js-product-item js-article |  product-item product-item--grid | js-product-container js-article js-article-30262 product-item--grid margin-trailer-1"
     id="product-30262"
     data-product-name="Rosette without Gluten Schär"
     data-product-id="30262"
     data-price="3.29"
     data-position="14"
     data-product-brand="Schär"
     data-list-type="Campaign Listing"
     ><div class="product-item__main"><div class="in-cart-quantity | js-in-cart-quantity is-hidden"></div><div class="product-item__offer"></div><div class="badge-container"></div><a class="product-item__image nauru js-pjax js-article-link" href="/en/product/panecillos-rosette-sin-gluten-schaer/30262" title="Buy Rosette without Gluten Schär"><img src="/img/pixel.png" data-src="https://static.ulabox.com/media/65562_m1.jpg" class="lazy" alt="Rosette without Gluten Schär" width="160"></a><div class="islet"><hgroup class="product-item__title"><h4 class="product-item__brand micro | push-half--bottom"><a href="/en/brand/schaer/1742" title="See more products from Schär" class="js-pjax">
                        Schär
                    </a></h4><h3 class="product-item__name zeta face-normal | flush--bottom"><a href="/en/product/panecillos-rosette-sin-gluten-schaer/30262" title="Buy Rosette without Gluten Schär" class="js-article-link | js-pjax">
                        Rosette without Gluten Schär
                    </a><span class="product-item__info weak-text-color"><small class="product-item__units nano">350 gr</small><small class="product-item__ppu nano"> | €9.40 / kg.</small></span></h3></hgroup></div><div class="flexbox | soft-half--sides"><div class="flexbox__item"></div><div class="flexbox__item | text--right"><div class="dropdown | dropdown__menu--right | js-dropdown-toggle" data-json='{"followMouse": true, "target": "#product_dropdown", "noClose": true}'><a class="dropdown__toggle | nano | nauru flush--bottom | is-hidden-if-no-js js-show-customer-lists" href="/en/account/lists/" ><i class="icon icon--plus"></i> Add to list
                    </a></div></div></div></div><div class="product-item__shop product-grid__footer | islet "><form class="float--right" action="/en/cart/product/30262" method="post"><span class="product-grid-footer__price"><strong class="product-item__price"><span class="delta">3</span><span class="milli">,29 €</span></strong></span><span class="product-grid-footer__buttons"><button class="btn btn--small btn--remove-circle | is-hidden | js-remove-from-cart js-logistic-product"></button><button type="submit" class="btn btn--shop btn--shop-mobile-circle js-add-to-cart | js-logistic-product " data-can-buy-classes="btn--shop btn--shop-mobile-circle" data-can-buy-text="Add" data-can-not-buy-text="More info"
                        data-has-promo="0"><span class="btn--shop__text js-btn-text">Add</span></button></span></form></div></article></div><div class="grid__item m-one-whole t-one-third d-one-third dw-one-quarter | js-product-grid-grid"><article class="js-product-item js-article |  product-item product-item--grid | js-product-container js-article js-article-27686 product-item--grid margin-trailer-1"
     id="product-27686"
     data-product-name="Gluten Free Hake Miniburger Pescanova 360g"
     data-product-id="27686"
     data-price="2.7"
     data-position="15"
     data-product-brand="Pescanova"
     data-list-type="Campaign Listing"
     ><div class="product-item__main"><div class="in-cart-quantity | js-in-cart-quantity is-hidden"></div><div class="product-item__offer"></div><div class="badge-container"></div><a class="product-item__image nauru js-pjax js-article-link" href="/en/product/miniburger-de-merluza-sin-gluten-pescanova-360g/27686" title="Buy Gluten Free Hake Miniburger Pescanova 360g"><img src="/img/pixel.png" data-src="https://static.ulabox.com/media/131923_m1.jpg" class="lazy" alt="Gluten Free Hake Miniburger Pescanova 360g" width="160"></a><div class="islet"><hgroup class="product-item__title"><h4 class="product-item__brand micro | push-half--bottom"><a href="/en/brand/pescanova/1928" title="See more products from Pescanova" class="js-pjax">
                        Pescanova
                    </a></h4><h3 class="product-item__name zeta face-normal | flush--bottom"><a href="/en/product/miniburger-de-merluza-sin-gluten-pescanova-360g/27686" title="Buy Gluten Free Hake Miniburger Pescanova 360g" class="js-article-link | js-pjax">
                        Gluten Free Hake Miniburger Pescanova 360g
                    </a><span class="product-item__info weak-text-color"><small class="product-item__units nano">360 gr</small><small class="product-item__ppu nano"> | €7.50 / kg.</small></span></h3></hgroup></div><div class="flexbox | soft-half--sides"><div class="flexbox__item"></div><div class="flexbox__item | text--right"><div class="dropdown | dropdown__menu--right | js-dropdown-toggle" data-json='{"followMouse": true, "target": "#product_dropdown", "noClose": true}'><a class="dropdown__toggle | nano | nauru flush--bottom | is-hidden-if-no-js js-show-customer-lists" href="/en/account/lists/" ><i class="icon icon--plus"></i> Add to list
                    </a></div></div></div></div><div class="product-item__shop product-grid__footer | islet "><form class="float--right" action="/en/cart/product/27686" method="post"><span class="product-grid-footer__price"><strong class="product-item__price"><span class="delta">2</span><span class="milli">,70 €</span></strong></span><span class="product-grid-footer__buttons"><button class="btn btn--small btn--remove-circle | is-hidden | js-remove-from-cart js-logistic-product"></button><button type="submit" class="btn btn--shop btn--shop-mobile-circle js-add-to-cart | js-logistic-product " data-can-buy-classes="btn--shop btn--shop-mobile-circle" data-can-buy-text="Add" data-can-not-buy-text="More info"
                        data-has-promo="0"><span class="btn--shop__text js-btn-text">Add</span></button></span></form></div></article></div><div class="grid__item m-one-whole t-one-third d-one-third dw-one-quarter | js-product-grid-grid"><article class="js-product-item js-article |  product-item product-item--grid | js-product-container js-article js-article-47078 product-item--grid margin-trailer-1"
     id="product-47078"
     data-product-name="Frozen Baget without Gluten Algood 95 gr"
     data-product-id="47078"
     data-price="1.29"
     data-position="16"
     data-product-brand="Algood"
     data-list-type="Campaign Listing"
     ><div class="product-item__main"><div class="in-cart-quantity | js-in-cart-quantity is-hidden"></div><div class="product-item__offer"></div><div class="badge-container"></div><a class="product-item__image nauru js-pjax js-article-link" href="/en/product/bagetina-congelada-sin-gluten-algood-95-gr/47078" title="Buy Frozen Baget without Gluten Algood 95 gr"><img src="/img/pixel.png" data-src="https://static.ulabox.com/media/115476_m1.jpg" class="lazy" alt="Frozen Baget without Gluten Algood 95 gr" width="160"></a><div class="islet"><hgroup class="product-item__title"><h4 class="product-item__brand micro | push-half--bottom"><a href="/en/brand/algood/4721" title="See more products from Algood" class="js-pjax">
                        Algood
                    </a></h4><h3 class="product-item__name zeta face-normal | flush--bottom"><a href="/en/product/bagetina-congelada-sin-gluten-algood-95-gr/47078" title="Buy Frozen Baget without Gluten Algood 95 gr" class="js-article-link | js-pjax">
                        Frozen Baget without Gluten Algood 95 gr
                    </a><span class="product-item__info weak-text-color"><small class="product-item__units nano">95 gr</small><small class="product-item__ppu nano"> | €13.58 / kg.</small><a
          class="tag tag-categoria-de-fresco-basicos-ulabox  tag--small push-half--left"
          href="/en/filter/categoria-de-fresco-basicos-ulabox"
          title="categoria-de-fresco-basicos-ulabox"
        >
          Essential
        </a></span></h3></hgroup></div><div class="flexbox | soft-half--sides"><div class="flexbox__item"></div><div class="flexbox__item | text--right"><div class="dropdown | dropdown__menu--right | js-dropdown-toggle" data-json='{"followMouse": true, "target": "#product_dropdown", "noClose": true}'><a class="dropdown__toggle | nano | nauru flush--bottom | is-hidden-if-no-js js-show-customer-lists" href="/en/account/lists/" ><i class="icon icon--plus"></i> Add to list
                    </a></div></div></div></div><div class="product-item__shop product-grid__footer | islet "><form class="float--right" action="/en/cart/product/47078" method="post"><span class="product-grid-footer__price"><strong class="product-item__price"><span class="delta">1</span><span class="milli">,29 €</span></strong></span><span class="product-grid-footer__buttons"><button class="btn btn--small btn--remove-circle | is-hidden | js-remove-from-cart js-logistic-product"></button><button type="submit" class="btn btn--shop btn--shop-mobile-circle js-add-to-cart | js-logistic-product " data-can-buy-classes="btn--shop btn--shop-mobile-circle" data-can-buy-text="Add" data-can-not-buy-text="More info"
                        data-has-promo="0"><span class="btn--shop__text js-btn-text">Add</span></button></span></form></div></article></div><div class="grid__item m-one-whole t-one-third d-one-third dw-one-quarter | js-product-grid-grid"><article class="js-product-item js-article |  product-item product-item--grid | js-product-container js-article js-article-38589 product-item--grid margin-trailer-1"
     id="product-38589"
     data-product-name="Vanilla Ice Cream with Macadamia Vegan and Gluten Free"
     data-product-id="38589"
     data-price="4.69"
     data-position="17"
     data-product-brand="La Ibense"
     data-list-type="Campaign Listing"
     ><div class="product-item__main"><div class="in-cart-quantity | js-in-cart-quantity is-hidden"></div><div class="product-item__offer"></div><div class="badge-container"></div><a class="product-item__image nauru js-pjax js-article-link" href="/en/product/helado-de-vainilla-con-macadamia-vegano-y-sin-gluten/38589" title="Buy Vanilla Ice Cream with Macadamia Vegan and Gluten Free"><img src="/img/pixel.png" data-src="https://static.ulabox.com/media/86351_m1.jpg" class="lazy" alt="Vanilla Ice Cream with Macadamia Vegan and Gluten Free" width="160"></a><div class="islet"><hgroup class="product-item__title"><h4 class="product-item__brand micro | push-half--bottom"><a href="/en/brand/la-ibense/4132" title="See more products from La Ibense" class="js-pjax">
                        La Ibense
                    </a></h4><h3 class="product-item__name zeta face-normal | flush--bottom"><a href="/en/product/helado-de-vainilla-con-macadamia-vegano-y-sin-gluten/38589" title="Buy Vanilla Ice Cream with Macadamia Vegan and Gluten Free" class="js-article-link | js-pjax">
                        Vanilla Ice Cream with Macadamia Vegan and …
                    </a><span class="product-item__info weak-text-color"><small class="product-item__units nano">500 ml</small><small class="product-item__ppu nano"> | €9.38 / l.</small></span></h3></hgroup></div><div class="flexbox | soft-half--sides"><div class="flexbox__item"><div class="star-rating star-rating--small"><div class="current-rating current-rating--4-5"><i class="star-rating__star"></i></div></div><a class="review-count-bubble review-count-bubble--compact | pico | flush--bottom push-half--left" href="/en/product/helado-de-vainilla-con-macadamia-vegano-y-sin-gluten/38589#reviews" title="See review on Vanilla Ice Cream with Macadamia Vegan and Gluten Free">1</a></div><div class="flexbox__item | text--right"><div class="dropdown | dropdown__menu--right | js-dropdown-toggle" data-json='{"followMouse": true, "target": "#product_dropdown", "noClose": true}'><a class="dropdown__toggle | nano | nauru flush--bottom | is-hidden-if-no-js js-show-customer-lists" href="/en/account/lists/" ><i class="icon icon--plus"></i> Add to list
                    </a></div></div></div></div><div class="product-item__shop product-grid__footer | islet "><form class="float--right" action="/en/cart/product/38589" method="post"><span class="product-grid-footer__price"><strong class="product-item__price"><span class="delta">4</span><span class="milli">,69 €</span></strong></span><span class="product-grid-footer__buttons"><button class="btn btn--small btn--remove-circle | is-hidden | js-remove-from-cart js-logistic-product"></button><button type="submit" class="btn btn--shop btn--shop-mobile-circle js-add-to-cart | js-logistic-product " data-can-buy-classes="btn--shop btn--shop-mobile-circle" data-can-buy-text="Add" data-can-not-buy-text="More info"
                        data-has-promo="0"><span class="btn--shop__text js-btn-text">Add</span></button></span></form></div></article></div><div class="grid__item m-one-whole t-one-third d-one-third dw-one-quarter | js-product-grid-grid"><article class="js-product-item js-article |  product-item product-item--grid | js-product-container js-article js-article-38588 product-item--grid margin-trailer-1"
     id="product-38588"
     data-product-name="Vegan and Gluten Free Chocolate Ice Cream"
     data-product-id="38588"
     data-price="4.29"
     data-position="18"
     data-product-brand="La Ibense"
     data-list-type="Campaign Listing"
     ><div class="product-item__main"><div class="in-cart-quantity | js-in-cart-quantity is-hidden"></div><strong class="product-item__offer brand-color micro ellipsis-fadeout | islet flush--bottom | m-hide">¡Bajamos el precio!</strong><div class="badge-container"></div><a class="product-item__image nauru js-pjax js-article-link" href="/en/product/helado-de-chocolate-vegano-y-sin-gluten/38588" title="Buy Vegan and Gluten Free Chocolate Ice Cream"><img src="/img/pixel.png" data-src="https://static.ulabox.com/media/86350_m1.jpg" class="lazy" alt="Vegan and Gluten Free Chocolate Ice Cream" width="160"></a><div class="islet"><hgroup class="product-item__title"><h4 class="product-item__brand micro | push-half--bottom"><a href="/en/brand/la-ibense/4132" title="See more products from La Ibense" class="js-pjax">
                        La Ibense
                    </a></h4><h3 class="product-item__name zeta face-normal | flush--bottom"><a href="/en/product/helado-de-chocolate-vegano-y-sin-gluten/38588" title="Buy Vegan and Gluten Free Chocolate Ice Cream" class="js-article-link | js-pjax">
                        Vegan and Gluten Free Chocolate Ice Cream
                    </a><span class="product-item__info weak-text-color"><small class="product-item__units nano">500 ml</small><small class="product-item__ppu nano"> | €8.58 / l.</small></span></h3></hgroup></div><div class="flexbox | soft-half--sides"><div class="flexbox__item"><div class="star-rating star-rating--small"><div class="current-rating current-rating--5"><i class="star-rating__star"></i></div></div><a class="review-count-bubble review-count-bubble--compact | pico | flush--bottom push-half--left" href="/en/product/helado-de-chocolate-vegano-y-sin-gluten/38588#reviews" title="See review on Vegan and Gluten Free Chocolate Ice Cream">1</a></div><div class="flexbox__item | text--right"><div class="dropdown | dropdown__menu--right | js-dropdown-toggle" data-json='{"followMouse": true, "target": "#product_dropdown", "noClose": true}'><a class="dropdown__toggle | nano | nauru flush--bottom | is-hidden-if-no-js js-show-customer-lists" href="/en/account/lists/" ><i class="icon icon--plus"></i> Add to list
                    </a></div></div></div></div><div class="product-item__shop product-grid__footer | islet product-item__shop--twolines"><form class="float--right" action="/en/cart/product/38588" method="post"><span class="product-grid-footer__price"><del class="product-item__price product-item__price--old product-grid-footer__price--old nano | flush--bottom">€4.69</del><strong class="product-item__price product-item__price--new product-grid-footer__price--new brand-color"><span class="delta">4</span><span class="milli">,29 €</span></strong></span><span class="product-grid-footer__buttons"><button class="btn btn--small btn--remove-circle | is-hidden | js-remove-from-cart js-logistic-product"></button><button type="submit" class="btn btn--shop btn--shop-mobile-circle js-add-to-cart | js-logistic-product " data-can-buy-classes="btn--shop btn--shop-mobile-circle" data-can-buy-text="Add" data-can-not-buy-text="More info"
                        data-has-promo="0"><span class="btn--shop__text js-btn-text">Add</span></button></span></form></div></article></div></div></div></div><form class="js-add-to-list" autocomplete="off" action="/en/account/lists/product/new" method="post"><div class="dropdown | js-dropdown" id="product_dropdown"><a class="dropdown__toggle | js-dropdown-toggle" href="" title=""></a><div class="dropdown__menu | container-lifted | dropdown__menu--medium | dropdown__menu--right | js-dropdown-menu"><div class="milli | flush--bottom"><div class="flexbox | facet-header | container-dark | border--bottom"><strong class="flexbox__item | base-line-height | milli">
        My lists
    </strong></div><div class="js-dropdown-ajax-content"><div class="islet"><!--googleoff: all--><div class="js-customer-list-container"><div class="text--center"><span class="face-bold weak-text-color islet">In order to create lists and save products you must enter your account</span><a class="push-half--ends btn btn--primary js-pjax" href="/en/enter?back=/en/campaign/productos-sin-gluten">Access your account</a></div></div><!--googleon: all--></div><div class="is-hidden js-lists-error"><div class="alert--error | micro | "><div class="media"><div class="media__body"><i class="icon icon--info"></i>
            
                        
                                                            Sorry, we could not load your lists. Try again in a moment. 
                                    </div></div></div></div></div></div></div></div></form><header class="container-white | islet | flexbox | border--bottom" id="beer"><a class="flexbox__item | js-pjax" href="/en/campaign/productos-sin-gluten/cat=754"><h2 class="brand-face | epsilon |  base-line-height | flush--bottom | text--left">Beer</h2></a><a class="btn btn--tiny btn--inset | flexbox__item | float--right | js-pjax"  href="/en/campaign/productos-sin-gluten/cat=754">
            See all&nbsp;<i class="icon icon--caret-right"></i></a></header><div id="product-list" class="js-product-list | container-light | border--bottom | clear-fix"><div class="container-light | t-island d-island dw-island"><div class="grid"><div class="grid__item m-one-whole t-one-third d-one-third dw-one-quarter | js-product-grid-grid"><article class="js-product-item js-article |  product-item product-item--grid | js-product-container js-article js-article-27361 product-item--grid margin-trailer-1"
     id="product-27361"
     data-product-name="Gluten Free Beer Daura Lata 33cl"
     data-product-id="27361"
     data-price="0.7"
     data-position="1"
     data-product-brand="Daura"
     data-list-type="Campaign Listing"
     ><div class="product-item__main"><div class="in-cart-quantity | js-in-cart-quantity is-hidden"></div><div class="product-item__offer"></div><div class="badge-container"></div><a class="product-item__image nauru js-pjax js-article-link" href="/en/product/cerveza-sin-gluten-daura-lata-33cl/27361" title="Buy Gluten Free Beer Daura Lata 33cl"><img src="/img/pixel.png" data-src="https://static.ulabox.com/media/113801_m1.jpg" class="lazy" alt="Gluten Free Beer Daura Lata 33cl" width="160"></a><div class="islet"><hgroup class="product-item__title"><h4 class="product-item__brand micro | push-half--bottom"><a href="/en/brand/daura/4865" title="See more products from Daura" class="js-pjax">
                        Daura
                    </a></h4><h3 class="product-item__name zeta face-normal | flush--bottom"><a href="/en/product/cerveza-sin-gluten-daura-lata-33cl/27361" title="Buy Gluten Free Beer Daura Lata 33cl" class="js-article-link | js-pjax">
                        Gluten Free Beer Daura Lata 33cl
                    </a><span class="product-item__info weak-text-color"><small class="product-item__units nano">33 cl</small><small class="product-item__ppu nano"> | €2.12 / l.</small></span></h3></hgroup></div><div class="flexbox | soft-half--sides"><div class="flexbox__item"></div><div class="flexbox__item | text--right"><div class="dropdown | dropdown__menu--right | js-dropdown-toggle" data-json='{"followMouse": true, "target": "#product_dropdown", "noClose": true}'><a class="dropdown__toggle | nano | nauru flush--bottom | is-hidden-if-no-js js-show-customer-lists" href="/en/account/lists/" ><i class="icon icon--plus"></i> Add to list
                    </a></div></div></div></div><div class="product-item__shop product-grid__footer | islet "><form class="float--right" action="/en/cart/product/27361" method="post"><span class="product-grid-footer__price"><strong class="product-item__price"><span class="delta">0</span><span class="milli">,70 €</span></strong></span><span class="product-grid-footer__buttons"><button class="btn btn--small btn--remove-circle | is-hidden | js-remove-from-cart "></button><button type="submit" class="btn btn--shop btn--shop-mobile-circle js-add-to-cart |  " data-can-buy-classes="btn--shop btn--shop-mobile-circle" data-can-buy-text="Add" data-can-not-buy-text="More info"
                        data-has-promo="0"><span class="btn--shop__text js-btn-text">Add</span></button></span></form></div></article></div><div class="grid__item m-one-whole t-one-third d-one-third dw-one-quarter | js-product-grid-grid"><article class="js-product-item js-article |  product-item product-item--grid | js-product-container js-article js-article-39884 product-item--grid margin-trailer-1"
     id="product-39884"
     data-product-name="Special Beer without Gluten Can Ambar"
     data-product-id="39884"
     data-price="0.69"
     data-position="2"
     data-product-brand="Ambar"
     data-list-type="Campaign Listing"
     ><div class="product-item__main"><div class="in-cart-quantity | js-in-cart-quantity is-hidden"></div><div class="product-item__offer"></div><div class="badge-container"></div><a class="product-item__image nauru js-pjax js-article-link" href="/en/product/cerveza-especial-sin-gluten-lata-ambar/39884" title="Buy Special Beer without Gluten Can Ambar"><img src="/img/pixel.png" data-src="https://static.ulabox.com/media/90620_m1.jpg" class="lazy" alt="Special Beer without Gluten Can Ambar" width="160"></a><div class="islet"><hgroup class="product-item__title"><h4 class="product-item__brand micro | push-half--bottom"><a href="/en/brand/ambar/937" title="See more products from Ambar" class="js-pjax">
                        Ambar
                    </a></h4><h3 class="product-item__name zeta face-normal | flush--bottom"><a href="/en/product/cerveza-especial-sin-gluten-lata-ambar/39884" title="Buy Special Beer without Gluten Can Ambar" class="js-article-link | js-pjax">
                        Special Beer without Gluten Can Ambar
                    </a><span class="product-item__info weak-text-color"><small class="product-item__units nano">33 cl</small><small class="product-item__ppu nano"> | €2.09 / l.</small></span></h3></hgroup></div><div class="flexbox | soft-half--sides"><div class="flexbox__item"></div><div class="flexbox__item | text--right"><div class="dropdown | dropdown__menu--right | js-dropdown-toggle" data-json='{"followMouse": true, "target": "#product_dropdown", "noClose": true}'><a class="dropdown__toggle | nano | nauru flush--bottom | is-hidden-if-no-js js-show-customer-lists" href="/en/account/lists/" ><i class="icon icon--plus"></i> Add to list
                    </a></div></div></div></div><div class="product-item__shop product-grid__footer | islet "><form class="float--right" action="/en/cart/product/39884" method="post"><span class="product-grid-footer__price"><strong class="product-item__price"><span class="delta">0</span><span class="milli">,69 €</span></strong></span><span class="product-grid-footer__buttons"><button class="btn btn--small btn--remove-circle | is-hidden | js-remove-from-cart "></button><button type="submit" class="btn btn--shop btn--shop-mobile-circle js-add-to-cart |  " data-can-buy-classes="btn--shop btn--shop-mobile-circle" data-can-buy-text="Add" data-can-not-buy-text="More info"
                        data-has-promo="0"><span class="btn--shop__text js-btn-text">Add</span></button></span></form></div></article></div><div class="grid__item m-one-whole t-one-third d-one-third dw-one-quarter | js-product-grid-grid"><article class="js-product-item js-article |  product-item product-item--grid | js-product-container js-article js-article-36985 product-item--grid margin-trailer-1"
     id="product-36985"
     data-product-name="Craft Beer Eco Sin Gluten Riedenburger"
     data-product-id="36985"
     data-price="2.75"
     data-position="3"
     data-product-brand="Riedenburger"
     data-list-type="Campaign Listing"
     ><div class="product-item__main"><div class="in-cart-quantity | js-in-cart-quantity is-hidden"></div><div class="product-item__offer"></div><div class="badge-container"></div><a class="product-item__image nauru js-pjax js-article-link" href="/en/product/cerveza-artesana-eco-sin-gluten-riedenburger/36985" title="Buy Craft Beer Eco Sin Gluten Riedenburger"><img src="/img/pixel.png" data-src="https://static.ulabox.com/media/81517_m1.jpg" class="lazy" alt="Craft Beer Eco Sin Gluten Riedenburger" width="160"></a><div class="islet"><hgroup class="product-item__title"><h4 class="product-item__brand micro | push-half--bottom"><a href="/en/brand/riedenburger/3994" title="See more products from Riedenburger" class="js-pjax">
                        Riedenburger
                    </a></h4><h3 class="product-item__name zeta face-normal | flush--bottom"><a href="/en/product/cerveza-artesana-eco-sin-gluten-riedenburger/36985" title="Buy Craft Beer Eco Sin Gluten Riedenburger" class="js-article-link | js-pjax">
                        Craft Beer Eco Sin Gluten Riedenburger
                    </a><span class="product-item__info weak-text-color"><small class="product-item__units nano">33 cl</small><small class="product-item__ppu nano"> | €8.33 / l.</small><a
          class="tag tag-eco  tag--small push-half--left"
          href="/en/filter/eco"
          title="eco"
        >
          Organic
        </a></span></h3></hgroup></div><div class="flexbox | soft-half--sides"><div class="flexbox__item"></div><div class="flexbox__item | text--right"><div class="dropdown | dropdown__menu--right | js-dropdown-toggle" data-json='{"followMouse": true, "target": "#product_dropdown", "noClose": true}'><a class="dropdown__toggle | nano | nauru flush--bottom | is-hidden-if-no-js js-show-customer-lists" href="/en/account/lists/" ><i class="icon icon--plus"></i> Add to list
                    </a></div></div></div></div><div class="product-item__shop product-grid__footer | islet "><form class="float--right" action="/en/cart/product/36985" method="post"><span class="product-grid-footer__price"><strong class="product-item__price"><span class="delta">2</span><span class="milli">,75 €</span></strong></span><span class="product-grid-footer__buttons"><button class="btn btn--small btn--remove-circle | is-hidden | js-remove-from-cart "></button><button type="submit" class="btn btn--shop btn--shop-mobile-circle js-add-to-cart |  " data-can-buy-classes="btn--shop btn--shop-mobile-circle" data-can-buy-text="Add" data-can-not-buy-text="More info"
                        data-has-promo="0"><span class="btn--shop__text js-btn-text">Add</span></button></span></form></div></article></div><div class="grid__item m-one-whole t-one-third d-one-third dw-one-quarter | js-product-grid-grid"><article class="js-product-item js-article |  product-item product-item--grid | js-product-container js-article js-article-36945 product-item--grid margin-trailer-1"
     id="product-36945"
     data-product-name="Gluten Free Beer Daura Damm (Pack 6 x 33 cl)"
     data-product-id="36945"
     data-price="4.14"
     data-position="4"
     data-product-brand="Daura"
     data-list-type="Campaign Listing"
     ><div class="product-item__main"><div class="in-cart-quantity | js-in-cart-quantity is-hidden"></div><div class="product-item__offer"></div><div class="badge-container"></div><a class="product-item__image nauru js-pjax js-article-link" href="/en/product/cerveza-sin-gluten-daura-damm-lata-pack-6-x-33-cl/36945" title="Buy Gluten Free Beer Daura Damm (Pack 6 x 33 cl)"><img src="/img/pixel.png" data-src="https://static.ulabox.com/media/119088_m1.jpg" class="lazy" alt="Gluten Free Beer Daura Damm (Pack 6 x 33 cl)" width="160"></a><div class="islet"><hgroup class="product-item__title"><h4 class="product-item__brand micro | push-half--bottom"><a href="/en/brand/daura/4865" title="See more products from Daura" class="js-pjax">
                        Daura
                    </a></h4><h3 class="product-item__name zeta face-normal | flush--bottom"><a href="/en/product/cerveza-sin-gluten-daura-damm-lata-pack-6-x-33-cl/36945" title="Buy Gluten Free Beer Daura Damm (Pack 6 x 33 cl)" class="js-article-link | js-pjax">
                        Gluten Free Beer Daura Damm (Pack 6 x 33 …
                    </a><span class="product-item__info weak-text-color"><small class="product-item__units nano">198 cl</small><small class="product-item__ppu nano"> | €2.09 / l.</small></span></h3></hgroup></div><div class="flexbox | soft-half--sides"><div class="flexbox__item"></div><div class="flexbox__item | text--right"><div class="dropdown | dropdown__menu--right | js-dropdown-toggle" data-json='{"followMouse": true, "target": "#product_dropdown", "noClose": true}'><a class="dropdown__toggle | nano | nauru flush--bottom | is-hidden-if-no-js js-show-customer-lists" href="/en/account/lists/" ><i class="icon icon--plus"></i> Add to list
                    </a></div></div></div></div><div class="product-item__shop product-grid__footer | islet product-item__shop--twolines"><form class="float--right" action="/en/cart/product/36945" method="post"><span class="product-grid-footer__price"><del class="product-item__price product-item__price--old product-grid-footer__price--old nano | flush--bottom">€4.20</del><strong class="product-item__price product-item__price--new product-grid-footer__price--new brand-color"><span class="delta">4</span><span class="milli">,14 €</span></strong></span><span class="product-grid-footer__buttons"><button class="btn btn--small btn--remove-circle | is-hidden | js-remove-from-cart "></button><button type="submit" class="btn btn--shop btn--shop-mobile-circle js-add-to-cart |  " data-can-buy-classes="btn--shop btn--shop-mobile-circle" data-can-buy-text="Add" data-can-not-buy-text="More info"
                        data-has-promo="0"><span class="btn--shop__text js-btn-text">Add</span></button></span></form></div></article></div><div class="grid__item m-one-whole t-one-third d-one-third dw-one-quarter | js-product-grid-grid"><article class="js-product-item js-article |  product-item product-item--grid | js-product-container js-article js-article-31489 product-item--grid margin-trailer-1"
     id="product-31489"
     data-product-name="San Miguel Beer Without Gluten Bottle (Pack 6 x 33cl)"
     data-product-id="31489"
     data-price="5.04"
     data-position="5"
     data-product-brand="San Miguel"
     data-list-type="Campaign Listing"
     ><div class="product-item__main"><div class="in-cart-quantity | js-in-cart-quantity is-hidden"></div><div class="product-item__offer"></div><div class="badge-container"></div><a class="product-item__image nauru js-pjax js-article-link" href="/en/product/san-miguel-cerveza-sin-gluten-botella-pack-6-x-33cl/31489" title="Buy San Miguel Beer Without Gluten Bottle (Pack 6 x 33cl)"><img src="/img/pixel.png" data-src="https://static.ulabox.com/media/67208_m1.jpg" class="lazy" alt="San Miguel Beer Without Gluten Bottle (Pack 6 x 33cl)" width="160"></a><div class="islet"><hgroup class="product-item__title"><h4 class="product-item__brand micro | push-half--bottom"><a href="/en/brand/san-miguel/701" title="See more products from San Miguel" class="js-pjax">
                        San Miguel
                    </a></h4><h3 class="product-item__name zeta face-normal | flush--bottom"><a href="/en/product/san-miguel-cerveza-sin-gluten-botella-pack-6-x-33cl/31489" title="Buy San Miguel Beer Without Gluten Bottle (Pack 6 x 33cl)" class="js-article-link | js-pjax">
                        San Miguel Beer Without Gluten Bottle (Pack …
                    </a><span class="product-item__info weak-text-color"><small class="product-item__units nano">198 cl</small><small class="product-item__ppu nano"> | €2.55 / l.</small></span></h3></hgroup></div><div class="flexbox | soft-half--sides"><div class="flexbox__item"></div><div class="flexbox__item | text--right"><div class="dropdown | dropdown__menu--right | js-dropdown-toggle" data-json='{"followMouse": true, "target": "#product_dropdown", "noClose": true}'><a class="dropdown__toggle | nano | nauru flush--bottom | is-hidden-if-no-js js-show-customer-lists" href="/en/account/lists/" ><i class="icon icon--plus"></i> Add to list
                    </a></div></div></div></div><div class="product-item__shop product-grid__footer | islet "><form class="float--right" action="/en/cart/product/31489" method="post"><span class="product-grid-footer__price"><strong class="product-item__price"><span class="delta">5</span><span class="milli">,04 €</span></strong></span><span class="product-grid-footer__buttons"><button class="btn btn--small btn--remove-circle | is-hidden | js-remove-from-cart "></button><button type="submit" class="btn btn--shop btn--shop-mobile-circle js-add-to-cart |  " data-can-buy-classes="btn--shop btn--shop-mobile-circle" data-can-buy-text="Add" data-can-not-buy-text="More info"
                        data-has-promo="0"><span class="btn--shop__text js-btn-text">Add</span></button></span></form></div></article></div><div class="grid__item m-one-whole t-one-third d-one-third dw-one-quarter | js-product-grid-grid"><article class="js-product-item js-article |  product-item product-item--grid | js-product-container js-article js-article-2942 product-item--grid margin-trailer-1"
     id="product-2942"
     data-product-name="Gluten Free Beer Daura 6 Bottle Bottles 33cl"
     data-product-id="2942"
     data-price="5.82"
     data-position="6"
     data-product-brand="Daura"
     data-list-type="Campaign Listing"
     ><div class="product-item__main"><div class="in-cart-quantity | js-in-cart-quantity is-hidden"></div><div class="product-item__offer"></div><div class="badge-container"></div><a class="product-item__image nauru js-pjax js-article-link" href="/en/product/cerveza-sin-gluten-daura-cesta-de-6-botellas-33cl/2942" title="Buy Gluten Free Beer Daura 6 Bottle Bottles 33cl"><img src="/img/pixel.png" data-src="https://static.ulabox.com/media/113918_m1.jpg" class="lazy" alt="Gluten Free Beer Daura 6 Bottle Bottles 33cl" width="160"></a><div class="islet"><hgroup class="product-item__title"><h4 class="product-item__brand micro | push-half--bottom"><a href="/en/brand/daura/4865" title="See more products from Daura" class="js-pjax">
                        Daura
                    </a></h4><h3 class="product-item__name zeta face-normal | flush--bottom"><a href="/en/product/cerveza-sin-gluten-daura-cesta-de-6-botellas-33cl/2942" title="Buy Gluten Free Beer Daura 6 Bottle Bottles 33cl" class="js-article-link | js-pjax">
                        Gluten Free Beer Daura 6 Bottle Bottles 33cl
                    </a><span class="product-item__info weak-text-color"><small class="product-item__units nano">198 cl</small><small class="product-item__ppu nano"> | €2.94 / l.</small></span></h3></hgroup></div><div class="flexbox | soft-half--sides"><div class="flexbox__item"><div class="star-rating star-rating--small"><div class="current-rating current-rating--4-5"><i class="star-rating__star"></i></div></div><a class="review-count-bubble review-count-bubble--compact | pico | flush--bottom push-half--left" href="/en/product/cerveza-sin-gluten-daura-cesta-de-6-botellas-33cl/2942#reviews" title="See 2 reviews on Gluten Free Beer Daura 6 Bottle Bottles 33cl">2</a></div><div class="flexbox__item | text--right"><div class="dropdown | dropdown__menu--right | js-dropdown-toggle" data-json='{"followMouse": true, "target": "#product_dropdown", "noClose": true}'><a class="dropdown__toggle | nano | nauru flush--bottom | is-hidden-if-no-js js-show-customer-lists" href="/en/account/lists/" ><i class="icon icon--plus"></i> Add to list
                    </a></div></div></div></div><div class="product-item__shop product-grid__footer | islet "><form class="float--right" action="/en/cart/product/2942" method="post"><span class="product-grid-footer__price"><strong class="product-item__price"><span class="delta">5</span><span class="milli">,82 €</span></strong></span><span class="product-grid-footer__buttons"><button class="btn btn--small btn--remove-circle | is-hidden | js-remove-from-cart "></button><button type="submit" class="btn btn--shop btn--shop-mobile-circle js-add-to-cart |  " data-can-buy-classes="btn--shop btn--shop-mobile-circle" data-can-buy-text="Add" data-can-not-buy-text="More info"
                        data-has-promo="0"><span class="btn--shop__text js-btn-text">Add</span></button></span></form></div></article></div></div></div></div><form class="js-add-to-list" autocomplete="off" action="/en/account/lists/product/new" method="post"><div class="dropdown | js-dropdown" id="product_dropdown"><a class="dropdown__toggle | js-dropdown-toggle" href="" title=""></a><div class="dropdown__menu | container-lifted | dropdown__menu--medium | dropdown__menu--right | js-dropdown-menu"><div class="milli | flush--bottom"><div class="flexbox | facet-header | container-dark | border--bottom"><strong class="flexbox__item | base-line-height | milli">
        My lists
    </strong></div><div class="js-dropdown-ajax-content"><div class="islet"><!--googleoff: all--><div class="js-customer-list-container"><div class="text--center"><span class="face-bold weak-text-color islet">In order to create lists and save products you must enter your account</span><a class="push-half--ends btn btn--primary js-pjax" href="/en/enter?back=/en/campaign/productos-sin-gluten">Access your account</a></div></div><!--googleon: all--></div><div class="is-hidden js-lists-error"><div class="alert--error | micro | "><div class="media"><div class="media__body"><i class="icon icon--info"></i>
            
                        
                                                            Sorry, we could not load your lists. Try again in a moment. 
                                    </div></div></div></div></div></div></div></div></form><header class="container-white | islet | flexbox | border--bottom" id="baby-meals-drinks"><a class="flexbox__item | js-pjax" href="/en/campaign/productos-sin-gluten/cat=761"><h2 class="brand-face | epsilon |  base-line-height | flush--bottom | text--left">Baby Meals &amp; Drinks</h2></a><a class="btn btn--tiny btn--inset | flexbox__item | float--right | js-pjax"  href="/en/campaign/productos-sin-gluten/cat=761">
            See all&nbsp;<i class="icon icon--caret-right"></i></a></header><div id="product-list" class="js-product-list | container-light | border--bottom | clear-fix"><div class="container-light | t-island d-island dw-island"><div class="grid"><div class="grid__item m-one-whole t-one-third d-one-third dw-one-quarter | js-product-grid-grid"><article class="js-product-item js-article |  product-item product-item--grid | js-product-container js-article js-article-38432 product-item--grid margin-trailer-1"
     id="product-38432"
     data-product-name="Papilla 3 Cereals without Gluten HiPP Bio"
     data-product-id="38432"
     data-price="6.79"
     data-position="1"
     data-product-brand="HiPP Biológico"
     data-list-type="Campaign Listing"
     ><div class="product-item__main"><div class="in-cart-quantity | js-in-cart-quantity is-hidden"></div><div class="product-item__offer"></div><div class="badge-container"></div><a class="product-item__image nauru js-pjax js-article-link" href="/en/product/papilla-3-cereales-sin-gluten-hipp-bio/38432" title="Buy Papilla 3 Cereals without Gluten HiPP Bio"><img src="/img/pixel.png" data-src="https://static.ulabox.com/media/100959_m1.jpg" class="lazy" alt="Papilla 3 Cereals without Gluten HiPP Bio" width="160"></a><div class="islet"><hgroup class="product-item__title"><h4 class="product-item__brand micro | push-half--bottom"><a href="/en/brand/hipp-biologico/1672" title="See more products from HiPP Biológico" class="js-pjax">
                        HiPP Biológico
                    </a></h4><h3 class="product-item__name zeta face-normal | flush--bottom"><a href="/en/product/papilla-3-cereales-sin-gluten-hipp-bio/38432" title="Buy Papilla 3 Cereals without Gluten HiPP Bio" class="js-article-link | js-pjax">
                        Papilla 3 Cereals without Gluten HiPP Bio
                    </a><span class="product-item__info weak-text-color"><small class="product-item__units nano">400 gr</small><small class="product-item__ppu nano"> | €16.98 / kg.</small><a
          class="tag tag-eco  tag--small push-half--left"
          href="/en/filter/eco"
          title="eco"
        >
          Organic
        </a></span></h3></hgroup></div><div class="flexbox | soft-half--sides"><div class="flexbox__item"></div><div class="flexbox__item | text--right"><div class="dropdown | dropdown__menu--right | js-dropdown-toggle" data-json='{"followMouse": true, "target": "#product_dropdown", "noClose": true}'><a class="dropdown__toggle | nano | nauru flush--bottom | is-hidden-if-no-js js-show-customer-lists" href="/en/account/lists/" ><i class="icon icon--plus"></i> Add to list
                    </a></div></div></div></div><div class="product-item__shop product-grid__footer | islet "><form class="float--right" action="/en/cart/product/38432" method="post"><span class="product-grid-footer__price"><strong class="product-item__price"><span class="delta">6</span><span class="milli">,79 €</span></strong></span><span class="product-grid-footer__buttons"><button class="btn btn--small btn--remove-circle | is-hidden | js-remove-from-cart "></button><button type="submit" class="btn btn--shop btn--shop-mobile-circle js-add-to-cart |  " data-can-buy-classes="btn--shop btn--shop-mobile-circle" data-can-buy-text="Add" data-can-not-buy-text="More info"
                        data-has-promo="0"><span class="btn--shop__text js-btn-text">Add</span></button></span></form></div></article></div><div class="grid__item m-one-whole t-one-third d-one-third dw-one-quarter | js-product-grid-grid"><article class="js-product-item js-article |  product-item product-item--grid | js-product-container js-article js-article-45329 product-item--grid margin-trailer-1"
     id="product-45329"
     data-product-name="Gluten-free cereals porridge Alminatur"
     data-product-id="45329"
     data-price="2.7"
     data-position="2"
     data-product-brand="Almirón"
     data-list-type="Campaign Listing"
     ><div class="product-item__main"><div class="in-cart-quantity | js-in-cart-quantity is-hidden"></div><div class="product-item__offer"></div><div class="badge-container"></div><a class="product-item__image nauru js-pjax js-article-link" href="/en/product/papilla-de-cereales-sin-gluten-alminatur/45329" title="Buy Gluten-free cereals porridge Alminatur"><img src="/img/pixel.png" data-src="https://static.ulabox.com/media/105896_m1.jpg" class="lazy" alt="Gluten-free cereals porridge Alminatur" width="160"></a><div class="islet"><hgroup class="product-item__title"><h4 class="product-item__brand micro | push-half--bottom"><a href="/en/brand/almiron/745" title="See more products from Almirón" class="js-pjax">
                        Almirón
                    </a></h4><h3 class="product-item__name zeta face-normal | flush--bottom"><a href="/en/product/papilla-de-cereales-sin-gluten-alminatur/45329" title="Buy Gluten-free cereals porridge Alminatur" class="js-article-link | js-pjax">
                        Gluten-free cereals porridge Alminatur
                    </a><span class="product-item__info weak-text-color"><small class="product-item__units nano">250 gr</small><small class="product-item__ppu nano"> | €10.80 / kg.</small></span></h3></hgroup></div><div class="flexbox | soft-half--sides"><div class="flexbox__item"></div><div class="flexbox__item | text--right"><div class="dropdown | dropdown__menu--right | js-dropdown-toggle" data-json='{"followMouse": true, "target": "#product_dropdown", "noClose": true}'><a class="dropdown__toggle | nano | nauru flush--bottom | is-hidden-if-no-js js-show-customer-lists" href="/en/account/lists/" ><i class="icon icon--plus"></i> Add to list
                    </a></div></div></div></div><div class="product-item__shop product-grid__footer | islet "><form class="float--right" action="/en/cart/product/45329" method="post"><span class="product-grid-footer__price"><strong class="product-item__price"><span class="delta">2</span><span class="milli">,70 €</span></strong></span><span class="product-grid-footer__buttons"><button class="btn btn--small btn--remove-circle | is-hidden | js-remove-from-cart "></button><button type="submit" class="btn btn--shop btn--shop-mobile-circle js-add-to-cart |  " data-can-buy-classes="btn--shop btn--shop-mobile-circle" data-can-buy-text="Add" data-can-not-buy-text="More info"
                        data-has-promo="0"><span class="btn--shop__text js-btn-text">Add</span></button></span></form></div></article></div><div class="grid__item m-one-whole t-one-third d-one-third dw-one-quarter | js-product-grid-grid"><article class="js-product-item js-article |  product-item product-item--grid | js-product-container js-article js-article-23108 product-item--grid margin-trailer-1"
     id="product-23108"
     data-product-name="Gluten Free Cookies Almirón"
     data-product-id="23108"
     data-price="2.39"
     data-position="3"
     data-product-brand="Almirón"
     data-list-type="Campaign Listing"
     ><div class="product-item__main"><div class="in-cart-quantity | js-in-cart-quantity is-hidden"></div><div class="product-item__offer"></div><div class="badge-container"></div><a class="product-item__image nauru js-pjax js-article-link" href="/en/product/galletas-sin-gluten-almiron/23108" title="Buy Gluten Free Cookies Almirón"><img src="/img/pixel.png" data-src="https://static.ulabox.com/media/45858_m1.jpg" class="lazy" alt="Gluten Free Cookies Almirón" width="160"></a><div class="islet"><hgroup class="product-item__title"><h4 class="product-item__brand micro | push-half--bottom"><a href="/en/brand/almiron/745" title="See more products from Almirón" class="js-pjax">
                        Almirón
                    </a></h4><h3 class="product-item__name zeta face-normal | flush--bottom"><a href="/en/product/galletas-sin-gluten-almiron/23108" title="Buy Gluten Free Cookies Almirón" class="js-article-link | js-pjax">
                        Gluten Free Cookies Almirón
                    </a><span class="product-item__info weak-text-color"><small class="product-item__units nano">180 gr</small><small class="product-item__ppu nano"> | €13.28 / kg.</small></span></h3></hgroup></div><div class="flexbox | soft-half--sides"><div class="flexbox__item"></div><div class="flexbox__item | text--right"><div class="dropdown | dropdown__menu--right | js-dropdown-toggle" data-json='{"followMouse": true, "target": "#product_dropdown", "noClose": true}'><a class="dropdown__toggle | nano | nauru flush--bottom | is-hidden-if-no-js js-show-customer-lists" href="/en/account/lists/" ><i class="icon icon--plus"></i> Add to list
                    </a></div></div></div></div><div class="product-item__shop product-grid__footer | islet "><form class="float--right" action="/en/cart/product/23108" method="post"><span class="product-grid-footer__price"><strong class="product-item__price"><span class="delta">2</span><span class="milli">,39 €</span></strong></span><span class="product-grid-footer__buttons"><button class="btn btn--small btn--remove-circle | is-hidden | js-remove-from-cart "></button><button type="submit" class="btn btn--shop btn--shop-mobile-circle js-add-to-cart |  " data-can-buy-classes="btn--shop btn--shop-mobile-circle" data-can-buy-text="Add" data-can-not-buy-text="More info"
                        data-has-promo="0"><span class="btn--shop__text js-btn-text">Add</span></button></span></form></div></article></div><div class="grid__item m-one-whole t-one-third d-one-third dw-one-quarter | js-product-grid-grid"><article class="js-product-item js-article |  product-item product-item--grid | js-product-container js-article js-article-12081 product-item--grid margin-trailer-1"
     id="product-12081"
     data-product-name="Gluten Free Cookies Almirón Advance"
     data-product-id="12081"
     data-price="2.82"
     data-position="4"
     data-product-brand="Almiron Advance"
     data-list-type="Campaign Listing"
     ><div class="product-item__main"><div class="in-cart-quantity | js-in-cart-quantity is-hidden"></div><div class="product-item__offer"></div><div class="badge-container"></div><a class="product-item__image nauru js-pjax js-article-link" href="/en/product/galletas-sin-gluten-almiron-advance/12081" title="Buy Gluten Free Cookies Almirón Advance"><img src="/img/pixel.png" data-src="https://static.ulabox.com/media/97695_m1.jpg" class="lazy" alt="Gluten Free Cookies Almirón Advance" width="160"></a><div class="islet"><hgroup class="product-item__title"><h4 class="product-item__brand micro | push-half--bottom"><a href="/en/brand/almiron-advance/1778" title="See more products from Almiron Advance" class="js-pjax">
                        Almiron Advance
                    </a></h4><h3 class="product-item__name zeta face-normal | flush--bottom"><a href="/en/product/galletas-sin-gluten-almiron-advance/12081" title="Buy Gluten Free Cookies Almirón Advance" class="js-article-link | js-pjax">
                        Gluten Free Cookies Almirón Advance
                    </a><span class="product-item__info weak-text-color"><small class="product-item__units nano">250 gr</small><small class="product-item__ppu nano"> | €11.28 / kg.</small></span></h3></hgroup></div><div class="flexbox | soft-half--sides"><div class="flexbox__item"></div><div class="flexbox__item | text--right"><div class="dropdown | dropdown__menu--right | js-dropdown-toggle" data-json='{"followMouse": true, "target": "#product_dropdown", "noClose": true}'><a class="dropdown__toggle | nano | nauru flush--bottom | is-hidden-if-no-js js-show-customer-lists" href="/en/account/lists/" ><i class="icon icon--plus"></i> Add to list
                    </a></div></div></div></div><div class="product-item__shop product-grid__footer | islet "><form class="float--right" action="/en/cart/product/12081" method="post"><span class="product-grid-footer__price"><strong class="product-item__price"><span class="delta">2</span><span class="milli">,82 €</span></strong></span><span class="product-grid-footer__buttons"><button class="btn btn--small btn--remove-circle | is-hidden | js-remove-from-cart "></button><button type="submit" class="btn btn--shop btn--shop-mobile-circle js-add-to-cart |  " data-can-buy-classes="btn--shop btn--shop-mobile-circle" data-can-buy-text="Add" data-can-not-buy-text="More info"
                        data-has-promo="0"><span class="btn--shop__text js-btn-text">Add</span></button></span></form></div></article></div><div class="grid__item m-one-whole t-one-third d-one-third dw-one-quarter | js-product-grid-grid"><article class="js-product-item js-article |  product-item product-item--grid | js-product-container js-article js-article-44190 product-item--grid margin-trailer-1"
     id="product-44190"
     data-product-name="Biscuits with Honey Gluten Free Eco Nestlé NaturNes"
     data-product-id="44190"
     data-price="3.4"
     data-position="5"
     data-product-brand="Nestlé NaturNes Bio"
     data-list-type="Campaign Listing"
     ><div class="product-item__main"><div class="in-cart-quantity | js-in-cart-quantity is-hidden"></div><div class="product-item__offer"></div><div class="badge-container"><div class="badge badge--small badge--default"><div class="badge__text badge__text--long"><span>2 ª <br> -50%</span></div></div></div><a class="product-item__image nauru js-pjax js-article-link" href="/en/product/galletas-con-miel-sin-gluten-eco-nestle-naturnes/44190" title="Buy Biscuits with Honey Gluten Free Eco Nestlé NaturNes"><img src="/img/pixel.png" data-src="https://static.ulabox.com/media/127741_m1.jpg" class="lazy" alt="Biscuits with Honey Gluten Free Eco Nestlé NaturNes" width="160"></a><div class="islet"><hgroup class="product-item__title"><h4 class="product-item__brand micro | push-half--bottom"><a href="/en/brand/nestle-naturnes-bio/4831" title="See more products from Nestlé NaturNes Bio" class="js-pjax">
                        Nestlé NaturNes Bio
                    </a></h4><h3 class="product-item__name zeta face-normal | flush--bottom"><a href="/en/product/galletas-con-miel-sin-gluten-eco-nestle-naturnes/44190" title="Buy Biscuits with Honey Gluten Free Eco Nestlé NaturNes" class="js-article-link | js-pjax">
                        Biscuits with Honey Gluten Free Eco Nestlé …
                    </a><span class="product-item__info weak-text-color"><small class="product-item__units nano">150 gr</small><small class="product-item__ppu nano"> | €22.67 / kg.</small><a
          class="tag tag-eco  tag--small push-half--left"
          href="/en/filter/eco"
          title="eco"
        >
          Organic
        </a></span></h3></hgroup></div><div class="flexbox | soft-half--sides"><div class="flexbox__item"></div><div class="flexbox__item | text--right"><div class="dropdown | dropdown__menu--right | js-dropdown-toggle" data-json='{"followMouse": true, "target": "#product_dropdown", "noClose": true}'><a class="dropdown__toggle | nano | nauru flush--bottom | is-hidden-if-no-js js-show-customer-lists" href="/en/account/lists/" ><i class="icon icon--plus"></i> Add to list
                    </a></div></div></div></div><div class="product-item__shop product-grid__footer | islet "><form class="float--right" action="/en/cart/product/44190" method="post"><span class="product-grid-footer__price"><strong class="product-item__price"><span class="delta">3</span><span class="milli">,40 €</span></strong></span><span class="product-grid-footer__buttons"><button class="btn btn--small btn--remove-circle | is-hidden | js-remove-from-cart "></button><button type="submit" class="btn btn--shop btn--shop-mobile-circle js-add-to-cart |  " data-can-buy-classes="btn--shop btn--shop-mobile-circle" data-can-buy-text="Add" data-can-not-buy-text="More info"
                        data-has-promo="0"><span class="btn--shop__text js-btn-text">Add</span></button></span></form></div></article></div><div class="grid__item m-one-whole t-one-third d-one-third dw-one-quarter | js-product-grid-grid"><article class="js-product-item js-article |  product-item product-item--grid | js-product-container js-article js-article-23105 product-item--grid margin-trailer-1"
     id="product-23105"
     data-product-name="Papilla Cereals without Gluten Almirón"
     data-product-id="23105"
     data-price="3.2"
     data-position="6"
     data-product-brand="Almirón"
     data-list-type="Campaign Listing"
     ><div class="product-item__main"><div class="in-cart-quantity | js-in-cart-quantity is-hidden"></div><div class="product-item__offer"></div><div class="badge-container"></div><a class="product-item__image nauru js-pjax js-article-link" href="/en/product/papilla-cereales-sin-gluten-almiron/23105" title="Buy Papilla Cereals without Gluten Almirón"><img src="/img/pixel.png" data-src="https://static.ulabox.com/media/45857_m1.jpg" class="lazy" alt="Papilla Cereals without Gluten Almirón" width="160"></a><div class="islet"><hgroup class="product-item__title"><h4 class="product-item__brand micro | push-half--bottom"><a href="/en/brand/almiron/745" title="See more products from Almirón" class="js-pjax">
                        Almirón
                    </a></h4><h3 class="product-item__name zeta face-normal | flush--bottom"><a href="/en/product/papilla-cereales-sin-gluten-almiron/23105" title="Buy Papilla Cereals without Gluten Almirón" class="js-article-link | js-pjax">
                        Papilla Cereals without Gluten Almirón
                    </a><span class="product-item__info weak-text-color"><small class="product-item__units nano">500 gr</small><small class="product-item__ppu nano"> | €6.40 / kg.</small></span></h3></hgroup></div><div class="flexbox | soft-half--sides"><div class="flexbox__item"></div><div class="flexbox__item | text--right"><div class="dropdown | dropdown__menu--right | js-dropdown-toggle" data-json='{"followMouse": true, "target": "#product_dropdown", "noClose": true}'><a class="dropdown__toggle | nano | nauru flush--bottom | is-hidden-if-no-js js-show-customer-lists" href="/en/account/lists/" ><i class="icon icon--plus"></i> Add to list
                    </a></div></div></div></div><div class="product-item__shop product-grid__footer | islet "><form class="float--right" action="/en/cart/product/23105" method="post"><span class="product-grid-footer__price"><strong class="product-item__price"><span class="delta">3</span><span class="milli">,20 €</span></strong></span><span class="product-grid-footer__buttons"><button class="btn btn--small btn--remove-circle | is-hidden | js-remove-from-cart "></button><button type="submit" class="btn btn--shop btn--shop-mobile-circle js-add-to-cart |  " data-can-buy-classes="btn--shop btn--shop-mobile-circle" data-can-buy-text="Add" data-can-not-buy-text="More info"
                        data-has-promo="0"><span class="btn--shop__text js-btn-text">Add</span></button></span></form></div></article></div><div class="grid__item m-one-whole t-one-third d-one-third dw-one-quarter | js-product-grid-grid"><article class="js-product-item js-article |  product-item product-item--grid | js-product-container js-article js-article-3478 product-item--grid margin-trailer-1"
     id="product-3478"
     data-product-name="Milk and Cereals without Gluten Nestlé Infantil"
     data-product-id="3478"
     data-price="2"
     data-position="7"
     data-product-brand="Nestlé Papillas"
     data-list-type="Campaign Listing"
     ><div class="product-item__main"><div class="in-cart-quantity | js-in-cart-quantity is-hidden"></div><div class="product-item__offer"></div><div class="badge-container"></div><a class="product-item__image nauru js-pjax js-article-link" href="/en/product/papilla-leche-y-cereales-sin-gluten-nestle-infantil/3478" title="Buy Milk and Cereals without Gluten Nestlé Infantil"><img src="/img/pixel.png" data-src="https://static.ulabox.com/media/105989_m1.jpg" class="lazy" alt="Milk and Cereals without Gluten Nestlé Infantil" width="160"></a><div class="islet"><hgroup class="product-item__title"><h4 class="product-item__brand micro | push-half--bottom"><a href="/en/brand/nestle-papillas/2355" title="See more products from Nestlé Papillas" class="js-pjax">
                        Nestlé Papillas
                    </a></h4><h3 class="product-item__name zeta face-normal | flush--bottom"><a href="/en/product/papilla-leche-y-cereales-sin-gluten-nestle-infantil/3478" title="Buy Milk and Cereals without Gluten Nestlé Infantil" class="js-article-link | js-pjax">
                        Milk and Cereals without Gluten Nestlé Infantil
                    </a><span class="product-item__info weak-text-color"><small class="product-item__units nano">500 ml</small><small class="product-item__ppu nano"> | €4.00 / l.</small></span></h3></hgroup></div><div class="flexbox | soft-half--sides"><div class="flexbox__item"></div><div class="flexbox__item | text--right"><div class="dropdown | dropdown__menu--right | js-dropdown-toggle" data-json='{"followMouse": true, "target": "#product_dropdown", "noClose": true}'><a class="dropdown__toggle | nano | nauru flush--bottom | is-hidden-if-no-js js-show-customer-lists" href="/en/account/lists/" ><i class="icon icon--plus"></i> Add to list
                    </a></div></div></div></div><div class="product-item__shop product-grid__footer | islet "><form class="float--right" action="/en/cart/product/3478" method="post"><span class="product-grid-footer__price"><strong class="product-item__price"><span class="delta">2</span><span class="milli">,00 €</span></strong></span><span class="product-grid-footer__buttons"><button class="btn btn--small btn--remove-circle | is-hidden | js-remove-from-cart "></button><button type="submit" class="btn btn--shop btn--shop-mobile-circle js-add-to-cart |  " data-can-buy-classes="btn--shop btn--shop-mobile-circle" data-can-buy-text="Add" data-can-not-buy-text="More info"
                        data-has-promo="0"><span class="btn--shop__text js-btn-text">Add</span></button></span></form></div></article></div><div class="grid__item m-one-whole t-one-third d-one-third dw-one-quarter | js-product-grid-grid"><article class="js-product-item js-article |  product-item product-item--grid | js-product-container js-article js-article-2879 product-item--grid margin-trailer-1"
     id="product-2879"
     data-product-name="Nutribén Papilla Cereals without Gluten"
     data-product-id="2879"
     data-price="4.25"
     data-position="8"
     data-product-brand="Nutriben"
     data-list-type="Campaign Listing"
     ><div class="product-item__main"><div class="in-cart-quantity | js-in-cart-quantity is-hidden"></div><div class="product-item__offer"></div><div class="badge-container"></div><a class="product-item__image nauru js-pjax js-article-link" href="/en/product/nutriben-papilla-cereales-sin-gluten/2879" title="Buy Nutribén Papilla Cereals without Gluten"><img src="/img/pixel.png" data-src="https://static.ulabox.com/media/9577_m1.jpg" class="lazy" alt="Nutribén Papilla Cereals without Gluten" width="160"></a><div class="islet"><hgroup class="product-item__title"><h4 class="product-item__brand micro | push-half--bottom"><a href="/en/brand/nutriben/750" title="See more products from Nutriben" class="js-pjax">
                        Nutriben
                    </a></h4><h3 class="product-item__name zeta face-normal | flush--bottom"><a href="/en/product/nutriben-papilla-cereales-sin-gluten/2879" title="Buy Nutribén Papilla Cereals without Gluten" class="js-article-link | js-pjax">
                        Nutribén Papilla Cereals without Gluten
                    </a><span class="product-item__info weak-text-color"><small class="product-item__units nano">600 gr</small><small class="product-item__ppu nano"> | €0.71 / 100 g.</small></span></h3></hgroup></div><div class="flexbox | soft-half--sides"><div class="flexbox__item"></div><div class="flexbox__item | text--right"><div class="dropdown | dropdown__menu--right | js-dropdown-toggle" data-json='{"followMouse": true, "target": "#product_dropdown", "noClose": true}'><a class="dropdown__toggle | nano | nauru flush--bottom | is-hidden-if-no-js js-show-customer-lists" href="/en/account/lists/" ><i class="icon icon--plus"></i> Add to list
                    </a></div></div></div></div><div class="product-item__shop product-grid__footer | islet "><form class="float--right" action="/en/cart/product/2879" method="post"><span class="product-grid-footer__price"><strong class="product-item__price"><span class="delta">4</span><span class="milli">,25 €</span></strong></span><span class="product-grid-footer__buttons"><button class="btn btn--small btn--remove-circle | is-hidden | js-remove-from-cart "></button><button type="submit" class="btn btn--shop btn--shop-mobile-circle js-add-to-cart |  " data-can-buy-classes="btn--shop btn--shop-mobile-circle" data-can-buy-text="Add" data-can-not-buy-text="More info"
                        data-has-promo="0"><span class="btn--shop__text js-btn-text">Add</span></button></span></form></div></article></div><div class="grid__item m-one-whole t-one-third d-one-third dw-one-quarter | js-product-grid-grid"><article class="js-product-item js-article |  product-item product-item--grid | js-product-container js-article js-article-2876 product-item--grid margin-trailer-1"
     id="product-2876"
     data-product-name="Nutribén No Gluten Rice Cream"
     data-product-id="2876"
     data-price="2.85"
     data-position="9"
     data-product-brand="Nutriben"
     data-list-type="Campaign Listing"
     ><div class="product-item__main"><div class="in-cart-quantity | js-in-cart-quantity is-hidden"></div><div class="product-item__offer"></div><div class="badge-container"></div><a class="product-item__image nauru js-pjax js-article-link" href="/en/product/nutriben-papilla-sin-gluten-crema-de-arroz/2876" title="Buy Nutribén No Gluten Rice Cream"><img src="/img/pixel.png" data-src="https://static.ulabox.com/media/9666_m1.jpg" class="lazy" alt="Nutribén No Gluten Rice Cream" width="160"></a><div class="islet"><hgroup class="product-item__title"><h4 class="product-item__brand micro | push-half--bottom"><a href="/en/brand/nutriben/750" title="See more products from Nutriben" class="js-pjax">
                        Nutriben
                    </a></h4><h3 class="product-item__name zeta face-normal | flush--bottom"><a href="/en/product/nutriben-papilla-sin-gluten-crema-de-arroz/2876" title="Buy Nutribén No Gluten Rice Cream" class="js-article-link | js-pjax">
                        Nutribén No Gluten Rice Cream
                    </a><span class="product-item__info weak-text-color"><small class="product-item__units nano">300 gr</small><small class="product-item__ppu nano"> | €0.95 / 100 g.</small></span></h3></hgroup></div><div class="flexbox | soft-half--sides"><div class="flexbox__item"></div><div class="flexbox__item | text--right"><div class="dropdown | dropdown__menu--right | js-dropdown-toggle" data-json='{"followMouse": true, "target": "#product_dropdown", "noClose": true}'><a class="dropdown__toggle | nano | nauru flush--bottom | is-hidden-if-no-js js-show-customer-lists" href="/en/account/lists/" ><i class="icon icon--plus"></i> Add to list
                    </a></div></div></div></div><div class="product-item__shop product-grid__footer | islet "><form class="float--right" action="/en/cart/product/2876" method="post"><span class="product-grid-footer__price"><strong class="product-item__price"><span class="delta">2</span><span class="milli">,85 €</span></strong></span><span class="product-grid-footer__buttons"><button class="btn btn--small btn--remove-circle | is-hidden | js-remove-from-cart "></button><button type="submit" class="btn btn--shop btn--shop-mobile-circle js-add-to-cart |  " data-can-buy-classes="btn--shop btn--shop-mobile-circle" data-can-buy-text="Add" data-can-not-buy-text="More info"
                        data-has-promo="0"><span class="btn--shop__text js-btn-text">Add</span></button></span></form></div></article></div><div class="grid__item m-one-whole t-one-third d-one-third dw-one-quarter | js-product-grid-grid"><article class="js-product-item js-article |  product-item product-item--grid | js-product-container js-article js-article-2872 product-item--grid margin-trailer-1"
     id="product-2872"
     data-product-name="Blevit Plus Superfiber without Gluten"
     data-product-id="2872"
     data-price="7.4"
     data-position="10"
     data-product-brand="Blevit"
     data-list-type="Campaign Listing"
     ><div class="product-item__main"><div class="in-cart-quantity | js-in-cart-quantity is-hidden"></div><div class="product-item__offer"></div><div class="badge-container"></div><a class="product-item__image nauru js-pjax js-article-link" href="/en/product/blevit-plus-superfibra-sin-gluten/2872" title="Buy Blevit Plus Superfiber without Gluten"><img src="/img/pixel.png" data-src="https://static.ulabox.com/media/47922_m1.jpg" class="lazy" alt="Blevit Plus Superfiber without Gluten" width="160"></a><div class="islet"><hgroup class="product-item__title"><h4 class="product-item__brand micro | push-half--bottom"><a href="/en/brand/blevit/749" title="See more products from Blevit" class="js-pjax">
                        Blevit
                    </a></h4><h3 class="product-item__name zeta face-normal | flush--bottom"><a href="/en/product/blevit-plus-superfibra-sin-gluten/2872" title="Buy Blevit Plus Superfiber without Gluten" class="js-article-link | js-pjax">
                        Blevit Plus Superfiber without Gluten
                    </a><span class="product-item__info weak-text-color"><small class="product-item__units nano">600 gr</small><small class="product-item__ppu nano"> | €1.23 / 100 g.</small></span></h3></hgroup></div><div class="flexbox | soft-half--sides"><div class="flexbox__item"><div class="star-rating star-rating--small"><div class="current-rating current-rating--5"><i class="star-rating__star"></i></div></div><a class="review-count-bubble review-count-bubble--compact | pico | flush--bottom push-half--left" href="/en/product/blevit-plus-superfibra-sin-gluten/2872#reviews" title="See review on Blevit Plus Superfiber without Gluten">1</a></div><div class="flexbox__item | text--right"><div class="dropdown | dropdown__menu--right | js-dropdown-toggle" data-json='{"followMouse": true, "target": "#product_dropdown", "noClose": true}'><a class="dropdown__toggle | nano | nauru flush--bottom | is-hidden-if-no-js js-show-customer-lists" href="/en/account/lists/" ><i class="icon icon--plus"></i> Add to list
                    </a></div></div></div></div><div class="product-item__shop product-grid__footer | islet "><form class="float--right" action="/en/cart/product/2872" method="post"><span class="product-grid-footer__price"><strong class="product-item__price"><span class="delta">7</span><span class="milli">,40 €</span></strong></span><span class="product-grid-footer__buttons"><button class="btn btn--small btn--remove-circle | is-hidden | js-remove-from-cart "></button><button type="submit" class="btn btn--shop btn--shop-mobile-circle js-add-to-cart |  " data-can-buy-classes="btn--shop btn--shop-mobile-circle" data-can-buy-text="Add" data-can-not-buy-text="More info"
                        data-has-promo="0"><span class="btn--shop__text js-btn-text">Add</span></button></span></form></div></article></div></div></div></div><form class="js-add-to-list" autocomplete="off" action="/en/account/lists/product/new" method="post"><div class="dropdown | js-dropdown" id="product_dropdown"><a class="dropdown__toggle | js-dropdown-toggle" href="" title=""></a><div class="dropdown__menu | container-lifted | dropdown__menu--medium | dropdown__menu--right | js-dropdown-menu"><div class="milli | flush--bottom"><div class="flexbox | facet-header | container-dark | border--bottom"><strong class="flexbox__item | base-line-height | milli">
        My lists
    </strong></div><div class="js-dropdown-ajax-content"><div class="islet"><!--googleoff: all--><div class="js-customer-list-container"><div class="text--center"><span class="face-bold weak-text-color islet">In order to create lists and save products you must enter your account</span><a class="push-half--ends btn btn--primary js-pjax" href="/en/enter?back=/en/campaign/productos-sin-gluten">Access your account</a></div></div><!--googleon: all--></div><div class="is-hidden js-lists-error"><div class="alert--error | micro | "><div class="media"><div class="media__body"><i class="icon icon--info"></i>
            
                        
                                                            Sorry, we could not load your lists. Try again in a moment. 
                                    </div></div></div></div></div></div></div></div></form><header class="container-white | islet | flexbox | border--bottom" id="sauces"><a class="flexbox__item | js-pjax" href="/en/campaign/productos-sin-gluten/cat=920"><h2 class="brand-face | epsilon |  base-line-height | flush--bottom | text--left">Sauces</h2></a><a class="btn btn--tiny btn--inset | flexbox__item | float--right | js-pjax"  href="/en/campaign/productos-sin-gluten/cat=920">
            See all&nbsp;<i class="icon icon--caret-right"></i></a></header><div id="product-list" class="js-product-list | container-light | border--bottom | clear-fix"><div class="container-light | t-island d-island dw-island"><div class="grid"><div class="grid__item m-one-whole t-one-third d-one-third dw-one-quarter | js-product-grid-grid"><article class="js-product-item js-article |  product-item product-item--grid | js-product-container js-article js-article-30435 product-item--grid margin-trailer-1"
     id="product-30435"
     data-product-name="Soy sauce without Gluten Kikkoman 250ml"
     data-product-id="30435"
     data-price="4.77"
     data-position="1"
     data-product-brand="Kikkoman"
     data-list-type="Campaign Listing"
     ><div class="product-item__main"><div class="in-cart-quantity | js-in-cart-quantity is-hidden"></div><div class="product-item__offer"></div><div class="badge-container"></div><a class="product-item__image nauru js-pjax js-article-link" href="/en/product/salsa-de-soja-sin-gluten-kikkoman-250ml/30435" title="Buy Soy sauce without Gluten Kikkoman 250ml"><img src="/img/pixel.png" data-src="https://static.ulabox.com/media/64991_m1.jpg" class="lazy" alt="Soy sauce without Gluten Kikkoman 250ml" width="160"></a><div class="islet"><hgroup class="product-item__title"><h4 class="product-item__brand micro | push-half--bottom"><a href="/en/brand/kikkoman/1028" title="See more products from Kikkoman" class="js-pjax">
                        Kikkoman
                    </a></h4><h3 class="product-item__name zeta face-normal | flush--bottom"><a href="/en/product/salsa-de-soja-sin-gluten-kikkoman-250ml/30435" title="Buy Soy sauce without Gluten Kikkoman 250ml" class="js-article-link | js-pjax">
                        Soy sauce without Gluten Kikkoman 250ml
                    </a><span class="product-item__info weak-text-color"><small class="product-item__units nano">250 ml</small><small class="product-item__ppu nano"> | €19.08 / l.</small></span></h3></hgroup></div><div class="flexbox | soft-half--sides"><div class="flexbox__item"><div class="star-rating star-rating--small"><div class="current-rating current-rating--5"><i class="star-rating__star"></i></div></div></div><div class="flexbox__item | text--right"><div class="dropdown | dropdown__menu--right | js-dropdown-toggle" data-json='{"followMouse": true, "target": "#product_dropdown", "noClose": true}'><a class="dropdown__toggle | nano | nauru flush--bottom | is-hidden-if-no-js js-show-customer-lists" href="/en/account/lists/" ><i class="icon icon--plus"></i> Add to list
                    </a></div></div></div></div><div class="product-item__shop product-grid__footer | islet "><form class="float--right" action="/en/cart/product/30435" method="post"><span class="product-grid-footer__price"><strong class="product-item__price"><span class="delta">4</span><span class="milli">,77 €</span></strong></span><span class="product-grid-footer__buttons"><button class="btn btn--small btn--remove-circle | is-hidden | js-remove-from-cart "></button><button type="submit" class="btn btn--shop btn--shop-mobile-circle js-add-to-cart |  " data-can-buy-classes="btn--shop btn--shop-mobile-circle" data-can-buy-text="Add" data-can-not-buy-text="More info"
                        data-has-promo="0"><span class="btn--shop__text js-btn-text">Add</span></button></span></form></div></article></div></div></div></div><form class="js-add-to-list" autocomplete="off" action="/en/account/lists/product/new" method="post"><div class="dropdown | js-dropdown" id="product_dropdown"><a class="dropdown__toggle | js-dropdown-toggle" href="" title=""></a><div class="dropdown__menu | container-lifted | dropdown__menu--medium | dropdown__menu--right | js-dropdown-menu"><div class="milli | flush--bottom"><div class="flexbox | facet-header | container-dark | border--bottom"><strong class="flexbox__item | base-line-height | milli">
        My lists
    </strong></div><div class="js-dropdown-ajax-content"><div class="islet"><!--googleoff: all--><div class="js-customer-list-container"><div class="text--center"><span class="face-bold weak-text-color islet">In order to create lists and save products you must enter your account</span><a class="push-half--ends btn btn--primary js-pjax" href="/en/enter?back=/en/campaign/productos-sin-gluten">Access your account</a></div></div><!--googleon: all--></div><div class="is-hidden js-lists-error"><div class="alert--error | micro | "><div class="media"><div class="media__body"><i class="icon icon--info"></i>
            
                        
                                                            Sorry, we could not load your lists. Try again in a moment. 
                                    </div></div></div></div></div></div></div></div></form><div class="container-light border--bottom"><div class="island"></div></div><div class="pagination-options | border--bottom | flexbox"><div class="sort-by flexbox__item islet  m-hide"><a href="#" class="btn btn--small m-hide d-hide dw-hide js-toggle-facets-tablet">Sort and Filter</a><div class="t-hide"><form action="/en/campaign/productos-sin-gluten" class="js-pjax" method="get"><select class="select input--medium micro flush--bottom js-change-list-order" name="o"><option value="" selected="selected">Relevance</option><option value="marca.asc" >Brand (A-Z)</option><option value="marca.desc" >Brand (Z-A)</option><option value="price_unit.asc" >Price (Eur /quantity)</option><option value="price.asc" >Price (- a +)</option><option value="price.desc" >Price (+ to -)</option><option value="created_at.desc" >New in ulabox</option></select><noscript><button type="submit" class="btn btn--small">Select</button></noscript></form></div></div><div class="results-and-switch flexbox__item islet m-hide"><div class="view-switch btn-group float--right m-hide"><a class="btn btn--init js-pjax is-active" href="/en/campaign/productos-sin-gluten?v=g" rel="nofollow"><i class="icon icon--grid icon--muted"></i></a><a class="btn btn--end js-pjax " href="/en/campaign/productos-sin-gluten?v=l" rel="nofollow"><i class="icon icon--list icon--muted"></i></a></div></div></div></section></main></div>        </div>
        </div>


        
            <div class="clear-fix"></div>

     <footer class="main-footer  | print--hidden">

                <div class="flex__wrap push--bottom">
          <div class="secure-badges nav nav--banner row center-xs middle-xs">
              <div class="nauru col-xs-2">
                  <a href="http://www.selligent.com/es" target="_blank" rel="nofollow noopener noreferrer">
                      <i class="s s--badge-selligent"></i>
                  </a>
              </div>
              <div class="nauru col-xs-2"><i class="s s--badge-secure-payment"></i></div>
              <div class="nauru col-xs-2">
                  <a href="https://www.confianzaonline.es/empresas/ulabox.htm" target="_blank" rel="nofollow noopener noreferrer">
                      <i class="s s--badge-confianza-online"></i>
                  </a>
              </div>
              <div class="nauru col-xs-2"><i class="s s--badge-paypal-2"></i></div>
              <div class="nauru col-xs-2"><i class="s s--badge-verified-by-visa"></i></div>
              <div class="nauru col-xs-2"><i class="s s--badge-mastercard-secure"></i></div>
          </div>
        </div>

        <div class="download-app | soft--top">
          <div class="flex__wrap">
            <div class="row middle-xs">
              <div class="col-xs-12 last-xs first-sm col-sm-6 center-xs">
                <img class="app-mockup" src="/img/footer-app-mockup.png">
              </div>
              <div class="col-xs-12 first-xs last-sm col-sm-6 center-xs start-sm">
                <h4 class="download-app-claim">Download our app</h4>
                                <ul class="nav">
                  <li class="nauru"><a href="http://itunes.apple.com/es/app/ulabox/id465984761?mt=8&amp;ula_src=front_campaign_show&amp;ula_mdm=footer_block" rel="nofollow" title="Download the ulabox app for iOS" target="blank"><img src="/img/badge/appstore.svg" alt="Download the ulabox app for iOS"></a></li>                  <li class="nauru"><a href="https://play.google.com/store/apps/details?id=com.ulabox&amp;ula_src=front_campaign_show&amp;ula_mdm=footer_block" rel="nofollow" title="Download the ulabox app for Android" target="blank"><img src="/img/badge/playstore.svg" alt="Download the ulabox app for Android"></a></li>                </ul>
              </div>
            </div>
          </div>
        </div>

        <div class="soft--ends bg-dark-grey">
                          <div class="flex__wrap">
                <div class="row">
                  <div class="col-xs-12 col-sm-3"><h3 class="main-footer-title">Customer service</h3><ul class="unlist | milli"><li>Call us: <a class="face-bold" href="tel:900%20373%20219" title="Llamar al número de teléfono de Ulabox.com: 900 373 219">900 373 219</a></li><li><a class="js-pjax" href="/en/faq" rel="nofollow" title="Frequently asked questions">Frequently asked questions</a></li><li><a class="js-pjax" href="/en/contact" rel="nofollow" title="Contact">Contact</a></li></ul></div><div class="col-xs-12 col-sm-3"><h3 class="main-footer-title">About ulabox</h3><ul class="unlist | milli"><li><a class="js-pjax" href="/en/about-ulabox" rel="nofollow">What is Ulabox</a></li><li><a class="js-pjax" href="/en/about-ulabox#where" rel="nofollow">Where do we deliver?</a></li><li><a class="js-pjax" href="/en/about-ulabox#when" rel="nofollow">When we deliver</a></li><li><a class="js-pjax" href="/en/about-ulabox#who" rel="nofollow">About us</a></li><li><a class="js-pjax" href="/en/sitemap" title="Sitemap">Sitemap</a></li><li><a class="js-pjax" href="/en/brands" title="Brands">Brands</a></li></ul></div><div class="col-xs-12 col-sm-3"><h3 class="main-footer-title">Community</h3><ul class="unlist | milli"><li><a href="/blog/" title="The Ulabox blog, the online supermarket">Ulablog</a></li><li><a target="_blank" href="http://twitter.com/ulabox?ula_src=front_campaign_show&amp;ula_mdm=footer_block" rel="nofollow noopener noreferrer" title="Twitter de Ulabox">Twitter</a></li><li><a target="_blank" href="https://www.facebook.com/ulabox?ula_src=front_campaign_show&amp;ula_mdm=footer_block" rel="nofollow noopener noreferrer" title="Facebook de Ulabox">Facebook</a></li><li><a target="_blank" href="https://instagram.com/ulabox?ula_src=front_campaign_show&amp;ula_mdm=footer_block" rel="nofollow noopener noreferrer" title="Instagram de Ulabox">Instagram</a></li><li><a href="/prensa/" title="Press room">Press room</a></li><li><a class="js-pjax" href="https://www.ulabox.com/s/jobs" rel="nofollow" title="Employment">Employment</a></li></ul></div><div class="col-xs-12 col-sm-3"><h3 class="main-footer-title">Legal</h3><ul class="unlist | milli"><li><a class="js-pjax" href="/en/privacy-policy" rel="nofollow" title="Privacy policy">Privacy policy</a></li><li><a class="js-pjax" href="/en/privacy-center" rel="nofollow" title="Privacy center">Privacy center</a></li><li><a class="js-pjax" href="/en/cookie-policy" rel="nofollow" title="Cookies policy">Cookies policy</a></li><li><a class="js-pjax" href="/en/terms-and-conds" rel="nofollow" title="Terms and conditions">Terms and conditions</a></li></ul><div><h3 class="main-footer-title">Select your language</h3><nav class="nav unlist"><li><a rel="nofollow" class="islet | js-track-ui js-available-locale"
                                             href="/en/campaign/productos-sin-gluten?hl=es"
                                             data-tracking-action="language-toogle-footer"
                                             data-tracking-label="es"
                                             data-locale="es"
                                          >
                                              Español
                                          </a></li><li>|</li><li><a rel="nofollow" class="islet | js-track-ui js-available-locale"
                                             href="/en/campaign/productos-sin-gluten?hl=ca"
                                             data-tracking-action="language-toogle-footer"
                                             data-tracking-label="ca"
                                             data-locale="ca"
                                          >
                                              Català
                                          </a></li><li>|</li><li><span class="islet | face-bold">
                                              English
                                          </span></li></nav></div></div>                </div>
              </div>
                    </div>
    </footer>

            <div class="flash-message-bar flash-fixed-bottom | js-alert">
          <div class="flex__wrapper">
            <div class="row">
              <div class="flash-message-action"></div>
              <div class="flash-message-content alert">
                <span class="js-dismiss">🍪 We use our own and third-party cookies to improve the user&#039;s experience through your browsing. If you continue browsing, you accept its use. </span> <a href="/en/cookie-policy" rel="nofollow">Cookies policy</a>
              </div>
              <div class="flash-message-action">
                <i class="flash-message-close md-icon | icon--md-cancel icon-dismiss | js-dismiss"></i>
              </div>
            </div>
          </div>
        </div>
    


            <!--googleoff: all-->
    <section class="mfp-hide island container-white js-refrigerated-modal" style="max-width: 320px; margin: 0 auto; position: relative;">
        <form class="form--horizontal js-refrigerated-form" action="/logistic/envio/check" method="post" id="regrigerated-postal-code">

                        <div class="push--top push--bottom text--center">
                <img class="img--center" src="/img/banner/banner-refrigerated-modal.jpg" alt="sheen!" width="280">
                <p class="">Find out if you can already buy this product by entering your zip code</p>
            </div>

            <div class="h-breathe">
                <div class="control-group control-group--placeholder">
                    <label for="logistic-postalcode">Postal code</label>
                    <input type="tel" id="logistic-postalcode" name="postalcode" class="input--100">
                    <input type="hidden" id="logistic-product-id" name="productid" value="">
                </div>
                <div class="push--top">
                    <button class="btn btn--primary btn--expand js-button-check-refrigerated" type="submit" name="signup" tabindex="12">Check</button>
                </div>
            </div>
        </form>

        <div class="js-checkavailability-msg push--ends text--center is-hidden">We are checking the availability of these products in your area</div>
        <div class="js-refrigerated-form-ok push--ends text--center is-hidden">Perfect, we deliver fresh and chilled products in your zip code and we have already added the product to your cart.</div>
        <div class="js-refrigerated-form-ko push--ends text--center is-hidden">Oh no! We don&#039;t deliver this product in your zip code yet.<br><a class="js-close-modal" href="/en/faq#productos">Why?</a></div>
        <div class="js-refrigerated-form-partial-category push--ends text--center is-hidden">
            Oh no! We do not distribute that product in your zip code yet, however we do distribute others in the category
                            We are going to show you the ones that are available to you.
                <div class="push--top">
                    <button class="btn btn--primary js-btn-category-ok">Ok</button>
                </div>
            

        </div>
    </section>
    <div class="js-refrigerated-popover is-hidden" data-title="Not available">
        <div class="text--center milli flush--bottom js-logistics-popover">Oh no! this product is not available in your zip code.<br><a class="js-show-category-modal" href="#">Change zip code</a></div>
    </div>

    <section class="mfp-hide island container-white js-category-modal" style="max-width: 320px; margin: 0 auto; position: relative;">
        <form class="form--horizontal js-refrigerated-category-form" action="/logistic/envio/check_category" method="post" id="regrigerated-postal-code">

                        <div class="push--top push--bottom text--center">
                <img class="img--center" src="/img/banner/banner-refrigerated-modal.jpg" alt="sheen!" width="280">
                <p class="">Find out if you can already buy products in this category by entering your zip code</p>
            </div>

            <div class="h-breathe">
                <div class="control-group control-group--placeholder">
                    <label for="logistic-postalcode">Postal code</label>
                    <input type="tel" id="logistic-postalcode" name="postalcode" class="input--100">
                </div>
                <div class="push--top">
                    <button class="btn btn--primary btn--expand js-button-check-refrigerated" type="submit" name="signup" tabindex="12">Check</button>
                </div>
            </div>
        </form>

        <div class="js-checkavailability-msg push--ends text--center is-hidden">We are checking the availability of these products in your area</div>
        <div class="js-refrigerated-form-ok push--ends text--center is-hidden">
            Perfect, we distribute products of this category in your zip code. We are going to show you the ones that are available to you.
            <div class="push--top">
                <button class="btn btn--primary js-btn-category-ok">Ok</button>
            </div>
        </div>
        <div class="js-refrigerated-form-ko push--ends text--center is-hidden">Oh no! We do not deliver products of this category in your zip code yet.<br><a class="js-close-modal" href="/en/faq#productos">Why?</a></div>
    </section>
    <div class="js-refrigerated-popover is-hidden" data-title="Not available">
        <div class="text--center milli flush--bottom js-logistics-popover">Oh no! this product is not available in your zip code.<br><a class="js-show-category-modal" href="#">Change zip code</a></div>
    </div>
    <!--googleon: all-->


        <a class="scroll-to-top js-scroll-to-top" href="#">
            <div><i class="md-icon icon--md-arrow-up"></i></div>
        </a>

        <script>(function(w,d,s,l){w[l]=w[l]||[];w[l].push({'gtm.start':
new Date().getTime(),event:'gtm.js'});function start(){var f=d.getElementsByTagName(s)[0],
j=d.createElement(s);j.async=1;j.src='//www.googletagmanager.com/gtm.js?id=GTM-NT87HM';
f.parentNode.insertBefore(j,f)}w.attachEvent?w.attachEvent("onload",start):w.addEventListener("load",start,!1)
}(window,document,'script','dataLayer'))</script>


    </body>

</html>
